2444 3654
940 267 1311 345 ξῦωὲἴὲ

343 376 429 420 fuso
454 381 577 420 carnis
598 379 728 422 coctae'
749 395 845 433 aqua
875 386 1004 435 tepida
1030 388 1132 428 facto
1162 391 1225 438 e),
1258 390 1490 434 animalcula
1518 396 1711 439 viderunt.
1779 392 1920 446 Utinm

320 428 551 481 ¹fallantur,
581 447 628 472 an
655 434 790 474 fallant
816 437 867 485 ii,
895 440 958 487 qui
983 440 1109 480 infusa
1133 456 1224 482 cum
1241 457 1335 493 aqua
1351 445 1565 488 ebulliente
1588 451 1687 490 fucta
1705 482 1714 499 ,
1754 467 1923 496 nontan-

343 493 426 526 tum
450 487 542 526 vafis
568 488 708 535 apertis
726 517 736 535 ,
775 488 840 528 sed
874 492 990 531 etiam
1018 493 1230 536 hermetice
1258 497 1392 537 clausls
1423 499 1570 541 servata
1603 507 1829 548 verminasse
1859 510 1918 548 di-

341 547 458 585 cunt,
480 540 660 588 judicent
687 540 751 580 alii
775 542 891 582 velim
904 545 978 593 f)„

430 592 458 640 §.
481 596 544 636 86.
580 592 756 633 Infusum
781 596 908 635 adhuc
936 611 1023 638 cum
1047 614 1142 649 aqua
1168 601 1374 642 ebullienti
1404 605 1546 645 facium
1565 636 1575 654 ‚
1615 611 1777 650 &rursus
1806 614 1917 653 refri-

340 652 512 694 geratum
528 674 542 692 ,
566 645 718 686 duobus
736 649 843 687 vitris
865 653 1028 700 excepi,
1064 667 1228 702 quorum
1257 656 1365 694 alteri
1386 671 1502 697 unam
1525 669 1674 711 guttam
1694 664 1789 703 alius
1805 667 1921 706 infusi

337 696 591 736 animalculis
615 699 856 750 impraegnati
878 703 1070 747 instillavi.
1119 707 1207 755 Quo
1226 708 1370 747 diutius
1395 710 1459 749 illa
1483 711 1650 762 servavi,
1672 730 1718 755 eo
1735 729 1918 759 numero-

337 749 432 788 fiora
456 749 685 790 animalcula
703 754 743 791 in
766 753 832 792 illo
850 755 972 804 vitro,
1002 759 1064 796 cui
1083 768 1232 807 guttam
1254 762 1403 809 adjeci,
1427 764 1843 820 deprehendebantur,
1875 776 1913 813 &

339 803 499 851 quidem
528 803 700 851 ejusdem
732 806 895 855 speciei,
939 811 1042 849 acin
1067 811 1195 851 infuso
1231 814 1383 861 adjecto
1404 826 1536 864 erant,
1599 820 1638 858 in
1667 820 1787 861 altero
1815 838 1909 864 vero

338 855 438 894 vitro
480 855 612 896 frustra
647 860 927 907 quaerebantur.
984 863 1118 904 Simile
1144 867 1456 914 experimentum
1488 869 1604 908 simili
1626 885 1714 912 cum
1739 874 1909 918 successu

333 915 528 948 tentatum
549 909 682 958 fuisse,
713 911 752 950 in
770 912 933 952 Historia
946 915 1158 962 Academiae
1178 918 1310 969 Regiae
1328 919 1574 963 scientiarum
1593 923 1683 975 lego
1695 927 1756 976 g),
1795 930 1911 970 Unde

334 974 489 1011 quoque
513 963 674 1002 evidens
701 965 771 1013 fit,
812 966 1044 1008 animalcula
1066 970 1250 1010 infusoria
1276 972 1443 1022 speciem
1475 975 1580 1015 suam
1608 990 1839 1029 propagare:
1869 983 1910 1022 id

333 1017 437 1063 quod
464 1016 634 1065 praestare
655 1030 734 1056 non
754 1019 989 1068 potuissent,
1018 1022 1042 1060 fi
1062 1023 1265 1064 moleculce
1279 1027 1469 1074 organicae
1495 1029 1548 1078 (ᾗ.
1574 1033 1657 1080 18.)
1669 1033 1727 1072 vel
1743 1034 1909 1074 insecto-

331 1079 414 1107 rum
443 1068 482 1106 in
507 1072 593 1108 aere
615 1069 862 1111 volitantium
888 1072 1002 1113 larvae
1028 1075 1194 1116 fuissent.

413 1121 440 1170 ἕ.
477 1131 538 1170 87.
569 1123 675 1172 Quid
699 1124 850 1163 multa?
878 1126 963 1174 Jam
987 1129 1416 1171 animalculainfnsoria
1434 1145 1560 1183 neque
1583 1137 1620 1174 vi
1641 1138 1806 1186 quadam
1826 1139 1905 1189 pla„

329 1168 420 1213 stica
454 1187 502 1213 ex
536 1184 639 1215 certa
677 1177 952 1226 particularum
988 1180 1186 1222 brutarum
1217 1185 1500 1225 commixtione
1530 1192 1748 1238 procreari,
1779 1205 1906 1243 neque

328 1229 550 1277 vegetativa
571 1229 646 1268 sive
668 1230 937 1279 producirice,
974 1234 1106 1274 nescio
1132 1249 1230 1285 qua,
1286 1239 1473 1286 potestate
1495 1252 1544 1279 ex
1576 1240 1781 1283 substantia
1823 1248 1906 1285 ani-

327 1280 418 1319 mali
449 1283 485 1320 ὅ(
520 1283 726 1332 vegetabili
751 1282 930 1334 formari,
961 1285 1027 1325 sed
1049 1291 1250 1328 communi
1274 1292 1450 1331 omnium
1479 1294 1728 1343 animalium,
1762 1297 1905 1339 hucus-

327 1346 403 1383 que
441 1343 649 1382 notorum‚
719 1336 805 1388 lege
836 1350 886 1377 ex
928 1341 1260 1388 praeexistentibus
1306 1345 1530 1392 parentibus
1565 1351 1800 1398 propagari,
1844 1352 1902 1392 lu.

326 1399 373 1427 ce
420 1387 497 1437 ipsa
529 1387 766 1429 luculentius
809 1399 926 1438 patet.
987 1393 1096 1433 Patet
1134 1395 1243 1434 simul
1275 1406 1452 1444 parentes
1484 1411 1618 1440 eorum
1643 1401 1707 1441 vel
1725 1416 1799 1444 ova
1829 1406 1902 1445 foe-

321 1447 466 1489 tusque
511 1447 649 1491 neque}
679 1443 719 1481 in
766 1446 853 1482 aere
884 1445 1071 1493 volitare,
1116 1460 1244 1498 neque
1278 1450 1318 1487 in
1346 1449 1562 1491 substantiis
1594 1455 1899 1502 putrefaciendis

323 1489 499 1539 latitare,
526 1494 592 1533 sed
616 1496 1020 1544 inaquainfundenda
1043 1499 1232 1541 habitare.
1289 1503 1327 1542 Si
1348 1503 1522 1552 pluribus
1545 1506 1673 1548 adhuc
1695 1508 1795 1548 hanc
1817 1524 1900 1552 rem

324 1559 526 1597 pergerem
548 1548 765 1598 explicare,
798 1559 864 1589 aut
882 1552 1075 1601 operosius
1098 1554 1367 1602 praesumerem
1393 1558 1675 1608 demonstrare3
1705 1571 1811 1602 certe
1842 1566 1899 1603 ni-

321 1599 379 1638 hil
402 1600 505 1639 aliud
537 1600 689 1650 facere,
719 1616 832 1652 quam
861 1603 1064 1645 clarissimo
1087 1606 1158 1646 soli
1181 1608 1345 1648 mortale
1366 1608 1500 1649 lumen
1516 1612 1684 1662 inferre,
1714 1615 1808 1655 mihi
1830 1618 1900 1668 ipfi

323 1654 359 1692 δε
383 1652 467 1692 aliis
503 1654 668 1694 viderer.
728 1657 898 1703 Veritas,
939 1660 1219 1708 experimentis
1248 1662 1531 1714 demonstrata,
1571 1674 1718 1707 tantam
1749 1669 1899 1720 semper

320 1707 539 1755 potentiam
577 1707 717 1755 habet3
747 1716 811 1756 ut,
854 1713 1184 1758 quemadmodum
1218 1714 1390 1755 CJCERO
1426 1717 1502 1764 ait,
1541 1719 1658 1760 nullis
1689 1722 1893 1772 machinis,

321 1767 389 1798 aut
421 1760 635 1810 cujuspiam
660 1761 826 1800 hominis
844 1763 1029 1813 ingenio,
1063 1776 1128 1805 aut
1149 1776 1229 1806 arte
1264 1768 1377 1818 polilt
1408 1769 1591 1812 subverti.
1647 1775 1744 1814 Vera
1768 1777 1898 1826 itaque

319 1811 457 1852 horum
490 1814 811 1854 animalculorum
839 1817 968 1866 origo,
1001 1832 1115 1868 quam
1148 1820 1473 1862 veloculatillimi
1498 1825 1538 1863 in
1563 1823 1804 1869 observando
1825 1831 1898 1870 viri

317 1863 520 1915 hucusque
546 1868 728 1917 detegere
754 1881 833 1907 non
854 1880 1089 1920 potuerunt,
1121 1887 1226 1913 nunc
1252 1875 1409 1915 demum
1430 1877 1482 1916 est
1501 1879 1694 1925 revelata!

400 1920 430 1968 §.
463 1926 526 1964 88.
559 1921 686 1969 Quam
718 1922 898 1969 praeclara
926 1937 1047 1973 eaque
1070 1925 1213 1966 secreta
1236 1941 1352 1978 opera
1373 1942 1519 1971 naturae
1545 1945 1651 1972 nunc
1679 1933 1896 1985 patescunt,

315 1971 515 2021 postquam
538 1972 677 2013 horum
713 1975 962 2015 minimorum
995 1980 1144 2019 entium
1166 1982 1421 2030 proprietates
1448 1986 1480 2023 ἄ
1505 1986 1695 2035 originem
1727 1989 1902 2037 penitiuss

314 2025 544 2075 investigare
567 2039 645 2066 non
669 2027 856 2068 fuerimus
876 2030 1102 2080 dedignati:
1136 2035 1169 2072 ἃ
1188 2047 1207 2072 a
1226 2042 1321 2083 quot
1343 2048 1534 2086 quamque
1553 2039 1734 2088 gravibus
1757 2043 1898 2082 errori-

314 2077 410 2125 bus,
442 2079 507 2128 qui
540 2080 580 2118 in
616 2080 807 2120 saniorem
845 2082 1159 2133 philosophiam,
1190 2086 1257 2126 sub
1291 2087 1418 2137 specie
1449 2093 1550 2138 veri,
1583 2091 1732 2131 infelici
1761 2094 1896 2142 fidere,

315 2131 461 2171 invecti
486 2140 618 2182 erant,
652 2147 779 2181 nunc,
813 2136 973 2175 meliora
997 2139 1147 2184 edofti,
1181 2138 1412 2185 liberamur!
1442 2143 1775 2193 Deponantnunc
1801 2161 1897 2197 prze-

310 2185 504 2232 judicium
542 2186 596 2234 ii,
623 2188 689 2237 qui
716 2187 756 2225 in
789 2189 962 2228 minimis
993 2192 1262 2241 animalculis,
1292 2195 1399 2234 nudo
1437 2198 1553 2237 oculo
1589 2198 1897 2250 conspiciundis,

1316 2248 1351 2287 H
1382 2262 1405 2287 2

1127 2330 1223 2364 cona
1258 2332 1470 2367 contineret.
1523 2334 1651 2369 Omnes
1686 2335 1750 2369 hos
1785 2337 1892 2372 tubos

1126 2377 1220 2409 vitro
1249 2377 1290 2410 ad
1312 2378 1505 2420 lampadem
1524 2379 1601 2413 fuso
1618 2382 1668 2416 ita
1692 2380 1886 2424 obsignavi,

1125 2426 1164 2454 ut
1197 2423 1333 2457 nonnisi
1359 2423 1498 2458 bullula
1529 2427 1640 2467 aeris,
1683 2427 1745 2460 vix
1776 2429 1891 2470 capite

1125 2467 1269 2501 aciculae
1303 2470 1436 2511 major,
1477 2471 1512 2503 iu
1541 2470 1773 2514 angustissimo
1797 2474 1891 2507 collo

1125 2512 1286 2548 hoereret.
1340 2515 1406 2548 Per
1430 2515 1669 2559 2septimanas
1684 2518 1754 2551 haec
1772 2518 1889 2553 infusa

305 2554 425 2581 eorum
446 2550 479 2583 ἃ
505 2560 629 2594 aquam
652 2553 793 2586 crudam
812 2554 845 2587 Sc
875 2554 963 2589 folia
987 2568 1065 2591 cru·
1123 2557 1201 2591 loco
1234 2561 1461 2594 convenienti
1491 2561 1637 2597 serva'vi.
1693 2563 1758 2596 Sed
1786 2575 1829 2598 ne
1851 2565 1890 2598 in

304 2593 366 2633 da,
407 2593 495 2627 alter
521 2597 554 2628 &
582 2607 706 2640 aquam
735 2599 866 2632 costam
904 2602 937 2635 Sc
978 2601 1066 2636 folia
1123 2604 1229 2638 unico
1259 2606 1397 2649 quidem
1423 2607 1564 2649 aliquod
1587 2609 1884 2648 animalculorum

304 2638 400 2671 costa
414 2663 424 2679 ,
470 2641 595 2675 tertius
622 2653 750 2685 aquam
776 2646 904 2679 coctam
921 2671 930 2688 ‚
979 2646 1066 2681 folia
1123 2650 1290 2684 viv-orum
1311 2651 1498 2694 vestigium
1516 2654 1616 2695 potui
1638 2654 1813 2691 invenire„

302 2684 433 2731 cruda,
455 2690 599 2730 quartus
615 2697 740 2734 aquam
756 2692 901 2730 crudam
915 2693 949 2730 ἃ
976 2693 1066 2731 folia
1087 2652 1096 2742 l
1144 2694 1192 2741 g)
1218 2696 1341 2734 Annee
1366 2704 1465 2743 1708.
1487 2709 1566 2745 pag.
1584 2709 1636 2737 10.

329 2317 364 2362 e)
389 2319 462 2354 diff.
482 2321 541 2355 cit.
566 2321 590 2355 l.
614 2334 644 2356 c.

317 2363 371 2408 f)
384 2365 464 2399 Non
476 2366 616 2401 silentio
631 2372 910 2412 praetereundum
923 2371 1068 2417 sequens

307 2412 568 2453 exprimentum
586 2415 675 2448 duco
691 2427 697 2448 :
733 2415 774 2448 In
788 2428 810 2459 4
831 2417 926 2452 tubis
945 2421 1068 2454 vitreis

303 2455 496 2492 infusiones
534 2470 576 2492 ex
608 2471 696 2503 aqua
731 2463 865 2504 puteali
902 2465 934 2498 Sc
969 2465 1067 2500 foliis

305 2502 502 2537 cheiranthi
524 2506 632 2539 annui
655 2507 775 2548 paravi
808 2508 877 2550 ita,
905 2515 946 2544 ut
974 2522 1065 2545 unus
