2444 3654
1241 305 1613 384 &5623

636 437 689 488 {n
729 435 900 490 dubio.
937 432 1012 483 sed
1041 434 1153 496 quid
1187 446 1362 483 tentare
1397 435 1621 483 nocebat?
1660 435 1778 481 Cum
1807 444 1960 482 tamen
1992 433 2200 495 improba

633 505 853 565 patientia
879 499 1008 555 usus,
1051 517 1129 561 per
1160 502 1348 562 longum
1381 514 1561 561 tempus
1597 504 1734 548 variis
1773 502 1974 548 lentibus
2007 503 2049 547 &
2077 504 2202 549 varia

632 570 750 617 lucis
789 567 1139 621 moderatione,
1193 570 1339 613 varias
1377 568 1495 613 alius
1535 567 1725 627 guttulae
1756 570 1963 626 regiones
2001 578 2204 613 conteni-

637 635 833 696 plabar3
890 635 1073 680 tandem
1109 649 1256 679 unum
1298 633 1371 678 vel
1407 635 1600 678 alterum
1637 633 1958 679 animalculum
1997 634 2048 678 in
2084 649 2204 678 cam-

635 715 750 760 pum
775 711 961 746 enatans
986 696 1212 760 conspexi.
1262 699 1417 745 Postea
1434 699 1638 759 pluscula
1658 696 1850 746 secunda
1874 700 1916 744 &
1935 700 2069 745 tertia
2083 700 2204 745 lente

636 768 834 827 contigit
874 764 1044 812 vidiffe.

739 835 777 884 §.
813 837 890 891 78.
931 832 1055 877 Tum
1081 827 1268 875 eandem
1291 843 1454 888 aquam
1478 844 1638 888 puram
1662 828 1833 887 absque
1857 826 1949 873 ulla
1977 828 2050 873 vel
2072 844 2207 888 vege-

632 894 771 943 ‘tabili
795 897 867 942 vel
898 897 1083 942 animali
1108 892 1352 939 substantia
1371 893 1551 939 addita
1542 910 1590 939 111
1614 894 1826 939 cubiculo
1849 903 2098 952 temperato
2116 893 2205 940 ser-

639 963 765 1011 vavi.
834 959 1001 1021 Elapsis
1031 962 1208 1019 aliquot
1239 958 1402 1004 diebus
1441 974 1490 1003 ea
1513 961 1835 1018 proportione,
1873 974 1962 1016 qua
1989 975 2105 1017 aqua
2134 975 2206 1005 ca-

641 1026 741 1073 lore
767 1026 1001 1073 moderato
1030 1024 1124 1072 fota
1148 1039 1225 1084 per
1244 1022 1580 1070 exhalationem
1607 1023 1923 1075 minuebatur,
1957 1022 2209 1069 numerosi-

642 1108 724 1139 ora
762 1093 1032 1139 animalcula
1063 1107 1203 1150 eaque
1222 1088 1455 1136 infusoriis
1486 1091 1616 1149 plane
1643 1088 1806 1136 similia
1828 1090 1878 1134 in
1897 1093 2025 1148 gutta
2049 1090 2211 1134 evade-

635 1156 781 1210 bant,
822 1161 864 1205 &
884 1170 1038 1204 tamen
1055 1160 1105 1203 in
1131 1155 1215 1202 hac
1237 1171 1353 1214 aqua
1371 1172 1428 1200 ne
1451 1154 1719 1202 leviilimurn
1745 1153 1997 1214 putredinis
2022 1155 2210 1203 initium

642 1225 778 1284 potui
817 1222 1067 1270 observare.
1138 1223 1304 1280 Neque
1337 1223 1532 1267 rariores
1566 1218 1669 1266 sunt
1684 1218 2020 1273 observatores,
2060 1223 2140 1280 qui
2159 1221 2210 1267 in

641 1303 786 1355 aqua,
825 1292 899 1335 cui
919 1291 1055 1336 nullae
1080 1302 1163 1332 nec
1184 1287 1426 1343 animales
1464 1302 1548 1332 nec
1572 1287 1845 1346 vegetabiles
1866 1297 2012 1345 partes
2037 1287 2210 1332 admix-

643 1366 703 1401 tae
739 1352 954 1408 fuerunt,
992 1350 1493 1400 animalculainfusoria
1520 1352 1760 1404 viderunt,
1795 1352 1899 1398 licet
1929 1367 1977 1397 ea
2001 1367 2084 1410 pro
2111 1353 2209 1397 ani-

646 1420 855 1466 malculis
893 1421 1141 1479 aquaticis,
1178 1414 1267 1463 suis
1293 1415 1620 1476 hypothesibus
1647 1419 1971 1477 praeoccupati,
2008 1433 2104 1463 non
2130 1417 2210 1463 ha-

642 1482 846 1533 buerint.
917 1487 1124 1541 JOBLOT
1159 1484 1209 1528 in
1223 1499 1339 1541 aqua
1367 1485 1601 1530 communi
1622 1486 1713 1528 aeri
1734 1493 1981 1541 temperato
2005 1498 2082 1541 per
2098 1481 2208 1529 duas

644 1549 955 1596 hebdomadas
983 1547 1204 1609 exposita,
1249 1546 1485 1607 pisciculos
1507 1546 1851 1607 microscopicos
1871 1545 2129 1594 observavit
2140 1547 2209 1606 Ἅι).

644 1616 825 1663 BAKER
857 1617 906 1661 in
942 1618 1068 1662 omni
1104 1630 1220 1675 aqua
1256 1615 1502 1673 tranquilla
1523 1616 1614 1659 aeri
1651 1613 1794 1659 libero
1826 1611 2021 1672 exposita
2055 1613 2210 1673 elapsis

644 1682 824 1741 aliquot
857 1681 1015 1728 diebus
1055 1679 1260 1741 quaedam
1296 1696 1352 1724 ex
1377 1680 1658 1725 animalculis
1690 1677 1926 1725 infusoriis
1954 1682 2123 1738 reperit
2150 1680 2206 1734 i).

646 1747 921 1795 NEEDHAM
950 1762 1112 1807 aquam
1141 1761 1431 1792 communem
1467 1744 1497 1790 fi
1531 1746 1807 1804 relinquitur
1842 1745 2107 1804 tranquilla,
2157 1756 2213 1792 ut

647 1811 1028 1870 decomponatur‚
1058 1812 1161 1857 dare
1182 1823 1358 1857 certum
1382 1826 1623 1857 numerum
1645 1810 1808 1856 horum
1833 1810 2214 1856 animalculorum

649 1876 763 1925 dicit
780 1877 847 1937 lc).
888 1879 1188 1926 RVRISBERG
1218 1878 1267 1921 111
1290 1893 1404 1936 aqua
1436 1876 1646 1922 fluviatili
1676 1874 1965 1934 puriffimain
1989 1877 2234 1930 conclavi9·

647 1942 774 2002 quod
816 1942 1073 1995 habitabat,
1107 1940 1197 1987 sine
1224 1941 1437 2000 impolito
1477 1942 1691 2001 operculo
1727 1942 1869 1987 libero
1896 1943 2010 1987 aeris
2029 1940 2213 1988 acceffui

649 2005 850 2067 exposita
885 2024 963 2066 per
990 2023 1023 2067 4
1051 2009 1145 2052 dies
1181 2005 1415 2059 asservata,
1463 2006 1782 2053 distinetiflima
1811 2005 1966 2053 sensim
2001 2023 2213 2066 apparere

647 2074 921 2120 animalcula
958 2071 1177 2119 infusoria
1218 2073 1447 2118 liberrime
1488 2071 1573 2118 sese
1612 2074 1844 2118 moventia
1875 2075 1915 2119 &
1951 2088 2028 2132 per
2070 2074 2213 2118 varias

649 2139 922 2185 directiones
968 2139 1253 2185 excurrentia
1294 2136 1630 2194 observavitl).
1706 2138 2035 2184 SPALANZANI
2077 2141 2214 2184 etiam

650 2220 813 2264 aquam
841 2219 1128 2251 communem
1144 2203 1252 2248 *dare
1269 2204 1470 2262 quaedam
1491 2219 1628 2263 parva
1641 2203 1909 2248 animalcula
1925 2201 2119 2249 affirmat
2133 2203 2212 2264 m).

649 2271 868 2319 MULLER
891 2286 986 2315 non
1003 2273 1137 2316 unice
1157 2271 1207 2313 in
1227 2269 1402 2327 liquido
1429 2267 1737 2328 putredinos0‚
1776 2267 1848 2313 sed
1868 2270 2001 2313 etiam
2027 2270 2076 2312 in
2099 2284 2215 2327 aqua

649 2335 883 2396 puriffima
929 2335 1053 2380 nulla
1088 2336 1376 2393 vegetatione
1400 2333 1567 2380 visibili
1596 2334 1770 2379 imbuta
1790 2332 1955 2392 species
1982 2334 2213 2393 quasdam,

649 2402 758 2449 licet
782 2401 1040 2460 pauciores,
1079 2398 1408 2448 infusoriorum
1439 2401 1706 2457 invenitn):
1747 2401 1789 2444 Sc
1828 2397 1978 2445 rursus
2014 2400 2063 2442 in
2099 2415 2216 2458 aqua

648 2468 771 2514 ultra
805 2475 835 2514 6
865 2464 1036 2511 menses
1069 2465 1299 2523 hyemales
1329 2464 1498 2525 absque
1527 2467 1656 2510 omni
1690 2464 1932 2524 vegetabili
1957 2465 2007 2509 in
2035 2462 2217 2510 vasculo

650 2544 808 2593 aperto
834 2529 1005 2576 servata
1027 2530 1270 2588 cyclidium
1293 2531 1527 2589 glaucoma
1556 2529 1675 2575 vidit
1689 2529 1751 2588 ο).
2081 2532 2118 2580 §.
2136 2543 2219 2585 79,

674 2611 711 2654 h)
736 2611 799 2645 lib.
819 2611 880 2645 cit.
900 2620 973 2654 par.
1003 2621 1034 2644 2.
1066 2621 1144 2654 pag
1160 2621 1216 2653 42.
1488 2609 1525 2651 l)
1551 2609 1614 2642 lib.
1642 2609 1701 2642 cit.
1732 2619 1765 2651 p.
1784 2618 1838 2650 52.
1859 2607 1908 2651 sq.

673 2658 706 2699 i)
731 2656 793 2690 lib.
818 2657 877 2691 cit.
901 2666 971 2700 pag
997 2658 1052 2698 76.
1073 2663 1127 2698 78.
1147 2665 1203 2700 79.
1231 2665 1286 2702 ες.
1487 2654 1534 2696 m)
1561 2653 1622 2688 lib.
1652 2653 1710 2687 cit.
1739 2664 1818 2697 pag.
1839 2656 1893 2696 46.

675 2701 714 2747 k)
739 2702 801 2738 lib
825 2702 884 2739 cit.
913 2711 991 2747 pag.
1024 2707 1100 2745 178.
1132 2704 1147 2722 *
1487 2697 1825 2746 n)lib.cit.p13.
1862 2696 2057 2746 0)ibid.p
2074 2708 2128 2744 51.
2150 2707 2206 2748 μ
