2444 3654
1159 312 1494 389 &65:³⁵

544 440 611 488 cit
629 438 838 496 stamina,
878 437 972 498 ipso
994 436 1035 484 se
1057 439 1256 499 pondere
1277 438 1407 487 usus!
1443 436 1619 487 Videfis
1648 442 1968 500 myrmeleonis
1995 443 2106 490 alio-

545 520 749 564 rumque¹
769 503 1042 552 insectorum
1071 521 1207 564 opera
1222 524 1237 551 ,ε
1271 506 1532 552 admiranda
1553 508 1641 553 tibi
1662 508 1832 552 levium
1861 506 2105 567 spectacula

545 572 727 617 rerum!
788 571 1033 626 Monoculi
1073 572 1245 630 pulices
1263 605 1276 624 ‚
1322 572 1518 617 nimium
1553 571 1866 631 multiplicati,
1912 573 2108 619 rubrum

542 649 674 695 aquae
698 638 947 682 conciliant
970 638 1197 682 colorem:
1242 647 1291 682 at
1314 634 1499 696 fimplex
1532 636 1697 697 vulgus
1728 653 1895 696 aquam
1929 641 1980 684 in
2012 637 2107 684 san-

482 670 505 774 (
544 702 731 761 guinem
758 699 930 746 versam
956 695 1174 748 miratur?
1211 739 1221 750 .
1261 737 1272 747 .
1313 737 1322 746 .
1360 736 1375 746 .
1426 701 1509 748 Sed
1528 704 1633 761 quis
1656 704 1812 748 omnia
1836 703 2107 752 enarrabit?

506 783 512 787 ·
545 765 676 825 plena
704 782 829 812 nunc
859 765 1045 813 historia
1077 766 1294 813 naturalis
1312 768 1550 826 exemplis!
1810 812 1811 816 ,

642 830 772 888 Qud
791 846 1037 877 memorem
1061 831 1379 891 ampliffimum
1403 833 1563 884 illum,
1602 849 1738 892 quem
1769 848 1945 880 vermes
1977 836 2020 880 ἃ
2040 836 2115 880 in-

542 892 655 941 secta
682 899 732 941 in
756 899 1010 942 oeconomia
1036 899 1244 956 praestant
1268 895 1434 943 usum?
1482 900 1600 955 Qis
1633 900 1895 945 mortalium
1933 902 2106 946 rumice

543 959 750 1012 ramoso,
801 961 987 1007 turbine
1023 962 1199 1009 clathro
1227 995 1240 1014 ‚
1293 961 1437 1007 helice
1466 962 1703 1022 janthina,
1732 963 1807 1008 vel
1829 965 1928 1009 aliis
1957 967 2108 1023 parvis

546 1024 744 1071 cochleis
776 1025 881 1072 vifis
919 1027 1057 1072 ullam
1092 1027 1146 1073 ab
1178 1028 1267 1073 illis
1293 1028 1537 1073 utilitatem
1564 1030 1855 1088 expechret?
1917 1032 2019 1089 quis
2044 1027 2109 1074 sa..

543 1092 670 1136 niem
685 1092 811 1137 illam
826 1122 846 1148 ,v
864 1107 953 1151 qua
975 1107 1152 1138 vermes
1175 1091 1223 1138 hi
1244 1094 1343 1138 vivi
1358 1092 1566 1144 madent,
1597 1109 1694 1138 non
1708 1096 1841 1140 nauci
1860 1094 2108 1154 penderet?

544 1158 673 1216 atqui
690 1168 898 1202 veterum
923 1173 1134 1217 purpurae
1157 1159 1360 1217 puniceae
1383 1160 1426 1203 &
1444 1158 1654 1203 violaceae
1681 1158 1786 1204 inde
1817 1159 2108 1218 parabantur.

547 1223 666 1279 Qis
682 1234 843 1267 tenues
866 1222 968 1268 illos
983 1256 995 1274 ‚
1033 1224 1113 1282 qui
1133 1239 1187 1267 ex
1205 1225 1345 1281 pinna
1370 1222 1628 1281 dependent
1645 1223 1808 1269 floccos
1821 1257 1833 1276 ,
1871 1240 1965 1269 non
1981 1225 2109 1271 flocci

544 1286 795 1346 penderet?
829 1290 956 1346 atqui
977 1288 1082 1333 inde
1111 1299 1317 1333 veterum
1339 1286 1491 1355 bXfl'us
1514 1287 1854 1334 conficiebatur.
1890 1291 1946 1335 Et
1968 1289 2108 1336 unde-

545 1368 652 1397 nam
678 1351 930 1397 hodienum
954 1359 1183 1412 mag'nates
1206 1352 1466 1412 margaritas
1493 1354 1533 1398 ὃ(
1558 1355 1738 1399 corallia
1766 1355 1963 1413 petunt?
2011 1371 2116 1400 ver--

543 1417 723 1470 mibus‚
754 1416 974 1463 vilissimis
1003 1417 1213 1469 entibus,
1251 1420 1404 1463 omnia
1429 1417 1524 1464 haec
1541 1417 1845 1477 pretiofiffima
1868 1420 2105 1466 debentur.

546 1485 665 1539 Quis
689 1498 784 1528 non
802 1480 1032 1542 sperneret
1054 1484 1232 1542 nigrum
1255 1483 1388 1528 illum
1415 1499 1645 1535 cruorem,
1687 1499 1823 1543 quem
1845 1483 1959 1544 sepia
1984 1486 2109 1531 tarda

544 1546 689 1607 fugae,
725 1550 855 1594 tenui
897 1563 1001 1593 cum
1025 1545 1143 1592 forte
1180 1546 1261 1593 sub
1296 1548 1417 1594 unda
1453 1548 1662 1607 deprensa
1700 1548 1783 1600 est,
1818 1549 2108 1610 jamjamque

545 1628 707 1658 manus
745 1615 878 1658 timet
912 1628 1116 1671 rapaces,
1167 1611 1376 1659 inliciens
1409 1630 1567 1673 aequor
1596 1615 1781 1659 vomit?
1830 1614 1903 1659 sed
1941 1633 1994 1660 ex
2030 1616 2109 1661 illo

547 1680 777 1737 optimum
806 1677 1049 1724 conficitur
1073 1690 1389 1724 atramentum.
1467 1681 1579 1726 Non
1615 1677 1792 1737 mistura
1820 1682 1958 1725 cutim
1976 1716 1988 1732 ,
2027 1680 2108 1727 nili

545 1746 680 1803 plena
701 1746 902 1796 cruoris,
939 1742 1105 1789 hirudo
1128 1743 1189 1789 est
1205 1742 1585 1802 praestantiffimus
1603 1743 1923 1802 phlebotomus
1946 1748 1995 1791 in
2019 1762 2113 1792 cer.²

546 1810 605 1854 tis
626 1809 815 1858 morbis.
850 1810 965 1861 Dic,
1001 1806 1155 1861 sodes,
1194 1811 1295 1867 quis
1317 1821 1476 1855 tenues
1499 1810 1623 1861 illas,
1649 1825 1758 1868 quas
1783 1812 1886 1856 vilis
1909 1811 2110 1871 bomby-

548 1875 612 1919 cis
636 1890 799 1926 eruca,
837 1889 1103 1919 aranearum
1125 1890 1279 1930 more,
1314 1890 1396 1933 pro
1420 1874 1696 1920 domuncula
1721 1873 1802 1919 fibi
1829 1878 1966 1929 texit,
1999 1879 2109 1923 telas

546 1954 644 1984 non
670 1940 753 1984 vili
779 1939 1028 1997 penderet?
1062 1937 1134 1984 sed
1156 1937 1226 1984 his
1251 1954 1378 1998 reges
1403 1955 1455 1984 ac
1485 1940 1709 1998 principes
1743 1937 2011 2000 superbiunt
2038 1945 2110 1988 in-

546 2002 661 2049 duti.
726 2006 844 2062 Qis
874 2005 1070 2062 primum
1104 2002 1264 2048 videns
1302 2006 1505 2050 minutos
1542 2005 1645 2049 illos
1676 2020 1833 2050 coccos
1870 2009 1981 2051 cac‘ti
2014 2023 2111 2053 non

548 2071 898 2115 contemneret?
933 2067 1005 2113 sed
1036 2085 1090 2114 ex
1115 2068 1204 2114 illis
1234 2084 1541 2128 purpureum,
1577 2068 1933 2128 pulcherrimum
1965 2075 2111 2117 omni-

545 2151 627 2181 um
656 2147 750 2180 arte
772 2133 961 2193 baphica
988 2134 1270 2194 pigmentum
1305 2146 1510 2193 paratur,
1559 2151 1650 2194 quo
1678 2136 1747 2179 vel
1774 2135 2023 2195 elegantior
2048 2136 2111 2183 se-

545 2215 632 2246 xus
658 2216 791 2259 genas
823 2198 920 2245 suas
943 2197 1243 2258 purpumffare
1272 2215 1367 2244 non
1397 2197 1629 2245 erubescit.
1702 2202 1851 2257 Qam
1880 2200 2012 2247 suave
2041 2203 2111 2261 ju-

547 2265 841 2324 cundumque
869 2266 1040 2316 nectar,
1074 2281 1209 2323 quarn
1235 2265 1498 2324 multiplicis
1527 2280 1575 2310 ac
1596 2265 1707 2308 varii
1737 2264 1839 2311 usus
1869 2283 2016 2312 ceram
2034 2284 2113 2325 pu-

548 2328 653 2376 fillae
680 2347 782 2390 apes
809 2330 941 2374 nobis
967 2329 1244 2388 largiuntur!
1284 2332 1434 2387 Qam
1466 2327 1623 2375 efficax
1650 2327 1759 2388 saepe
1786 2337 1831 2375 in
1856 2330 2113 2389 desperatis-

504 2442 507 2443 7
545 2394 667 2442 fimis
708 2397 878 2441 morbis
907 2394 1286 2440 medicamentum
1322 2394 1467 2440 meloe'
1497 2393 1789 2441 vesicatorius
1813 2429 1826 2448 ,
1872 2398 2017 2443 meloe
2049 2399 2111 2443 ci-

549 2459 705 2507 chorei
727 2494 738 2512 ,
779 2464 819 2506 Sc
843 2461 926 2505 alia
947 2458 1109 2505 insecta
1132 2459 1357 2518 praebent!

645 2526 703 2571 Et
735 2523 766 2570 fi
799 2523 918 2571 forte
948 2537 1040 2570 tam
1071 2526 1216 2583 ampla
1246 2525 1417 2571 utilitas
1436 2558 1449 2577 ‚
1496 2541 1596 2584 quae
1622 2524 1837 2571 hactenus
1873 2543 1896 2572 a
1921 2524 2108 2572 curiosis

549 2601 723 2638 naturae
747 2588 1074 2636 scrutatoribus
1098 2589 1158 2639 est
1184 2590 1379 2646 detecta,
1410 2590 1632 2650 vel'quam
1658 2592 1708 2635 in
1728 2591 1955 2651 posterum
1976 2592 2110 2651 longe

549 2657 816 2716 ampliorem
835 2654 1061 2703 detectum
1081 2657 1140 2702 iri
1159 2654 1279 2702 haud
1299 2656 1407 2703 vani
1432 2652 1687 2715 speramus,
1726 2655 1875 2704 osores
1901 2660 1942 2704 &
1962 2657 2112 2703 obtre-
