2444 3654
838 323 1211 404 {aaa}

264 441 373 489 vidi.
418 445 582 492 Eadem
608 448 830 498 methodo
847 454 958 500 alios
981 454 1129 503 adhuc
1153 457 1353 518 liquores
1373 462 1524 511 acidos
1543 468 1818 521 &alkalinos
1860 514 1862 517 ,

262 510 382 555 inter
395 507 436 554 se
448 510 732 569 combinavi,
755 518 795 563 &
811 535 908 565 non
920 557 932 575 ,
952 520 1034 567 nifi
1049 524 1170 570 idem
1184 524 1525 584 phoenomenon
1537 566 1549 586 ‚
1565 534 1817 589 observavi.

261 575 427 633 Neque
446 576 623 622 meliori
638 577 830 630 sueceffu
854 587 1059 634 BUFFON
1083 589 1134 633 in
1155 591 1341 648 pulvere
1368 595 1552 654 lapidis,
1577 617 1678 647 cum
1695 621 1822 664 aquae

262 633 393 684 fortis
421 652 546 699 gutta
569 639 884 696 effervescente
899 683 912 702 ‚
951 651 1201 711 quidquam
1229 654 1368 704 {imile
1392 663 1627 711 moleculis
1643 672 1823 728 organi..

263 705 325 750 cis
360 708 512 763 potuit
536 708 691 756 videre
725 714 789 770 r).
861 716 1129 762 Examinavi
1149 728 1635 777 praetereacerevisiam
1666 748 1820 781 recen-

263 778 354 814 tem
385 767 763 830 fermentantem‚
810 779 1049 840 variosque
1072 782 1273 842 liquores
1295 785 1465 835 summe
1491 795 1823 854 putrescentem

261 830 337 879 sed
360 836 491 893 plane
510 837 626 884 nihil
642 839 1026 892 fimilernoleculis
1040 847 1270 897 infusoriis
1286 851 1537 906 observavi.

359 903 396 951 §-
421 912 497 955 29.
531 904 632 951 Post
652 905 748 954 haec
767 909 915 957 mense
930 911 1062 971 jun-io
1081 914 1257 969 infuso,
1278 920 1513 968 moleculis
1534 920 1825 977 sesemoven-

261 963 386 1010 tibus
408 965 547 1025 foeto,
581 974 727 1019 carnis
748 979 944 1023 recentis
968 975 1163 1026 frustum
1194 984 1419 1031 immitto:
1456 1002 1535 1034 vas
1550 990 1650 1037 loc-:o
1670 997 1822 1053 aprico

259 1030 399 1076 radiis
411 1029 516 1078 solis
541 1050 735 1094 expono„
771 1041 893 1087 Caro
907 1039 1102 1090 succelsu
1117 1050 1333 1105 temporis
1355 1051 1408 1096 ad
1425 1050 1646 1100 summum
1671 1070 1825 1117 putre-2

263 1095 385 1141 dinis
397 1097 587 1156 gradum
603 1107 810 1159 pervenit
828 1124 838 1150 :
860 1108 1195 1156 intolerabilem
1210 1112 1461 1173 mephycim
1481 1118 1672 1170 exhalat.
1711 1125 1827 1171 Exa-

260 1162 389 1206 mino
405 1164 645 1222 liquorem5
669 1166 742 1214 sed
756 1170 935 1217 nullum
947 1175 1138 1230 amplius
1155 1177 1482 1227 molecularum
1498 1182 1824 1237 infusoriarum

263 1225 397 1271 video
416 1240 607 1280 motum.
682 1235 833 1282 Simile
852 1239 1212 1297 experimentum
1240 1259 1344 1290 cum
1371 1247 1617 1296 albuminis
1645 1256 1724 1299 ovi
1754 1258 1825 1302 in-

262 1289 361 1338 fuso
380 1293 580 1343 institui:
610 1299 653 1343 &
669 1300 863 1347 eundem
876 1316 1091 1351 eventum
1108 1307 1358 1356 observavi.
1396 1312 1673 1363 Observavit
1688 1322 1824 1368 etiam

261 1357 495 1413 JOBLOT,
525 1363 576 1410 in
611 1363 870 1423 liquoribus
899 1369 1087 1415 odorem
1117 1375 1256 1420 nimis
1291 1378 1526 1434 putridum
1550 1379 1824 1441 spirantibus

263 1423 388 1468 nulla
414 1426 676 1485 corpuscula
695 1432 899 1478 viventia
912 1436 1110 1481 inveniri
1123 1442 1184 1498 ς).
1223 1439 1347 1485 Idem
1367 1459 1551 1504 quoque
1567 1463 1620 1493 ex
1636 1451 1824 1508 quibus-

263 1486 365 1538 dam
380 1490 558 1540 ASCHII
575 1492 970 1545 observationibus
985 1512 1105 1560 patet
1119 1507 1180 1562 t).
1225 1506 1552 1558 SPALANZANI
1569 1515 1700 1559 etiam
1719 1532 1823 1562 cum

263 1551 458 1613 perfecla
483 1560 722 1614 putredine
751 1566 1129 1613 animalculorum
1148 1567 1474 1619 infusoriorum
1496 1578 1735 1626 interitum
1753 1584 1828 1628 in-

262 1621 472 1678 venitm).
524 1625 648 1670 Hinc
676 1627 751 1682 (·§.
769 1635 976 1691 28.29.)
1002 1644 1137 1691 patet,
1171 1646 1269 1681 toto
1289 1640 1403 1685 coelo
1434 1657 1580 1690 errare
1603 1661 1707 1703 (τος,
1746 1651 1827 1708 qui

260 1687 383 1730 entia
409 1685 691 1736 infusionum
715 1693 831 1739 nihil
846 1696 968 1741 aliud
985 1696 1090 1751 effe,
1129 1716 1262 1759 quam
1287 1708 1527 1762 particulas
1552 1710 1735 1765 cleofas,
1751 1715 1826 1759 vel

261 1746 535 1807 farinaceas,
571 1756 643 1802 vel
660 1754 843 1812 salinas,
886 1777 964 1821 per
981 1763 1243 1813 intestinum
1267 1767 1632 1822 fermentationis
1645 1789 1826 1826 motum.

264 1817 449 1875 agitatas
462 1853 475 1872 ,
511 1818 593 1865 fibi
610 1824 935 1883 imaginantur.

359 1886 400 1933 §.
424 1893 497 1937 30.
538 1887 812 1935 Accedamus
842 1887 1028 1952 propius
1055 1893 1108 1939 ad
1137 1898 1315 1944 criteria
1350 1903 1672 1959 animalitatis,v
1695 1906 1827 1956 senfi-

262 1944 484 1994 bilitatem
509 1953 548 1995 81
568 1954 920 2002 irritabilitatem
942 1962 1116 2005 entium
1148 1962 1477 2013 infuso‘riorum
1505 1974 1823 2022 examinaturi‚

263 2011 390 2057 Dum
429 2014 606 2075 aliquot
636 2031 785 2079 guttas
820 2021 969 2084 infusi
1003 2041 1082 2084 per
1117 2029 1464 2091 microscopium
1515 2043 1828 2100 contemplor:

261 2073 409 2123 socius
432 2082 609 2128 aeidum
636 2087 918 2134 vitriolicum
948 2091 1147 2138 instillat.
1218 2097 1387 2142 Videre
1415 2097 1529 2154 fuit,
1568 2105 1712 2158 entia,
1743 2105 1833 2153 sese

263 2147 520 2199 moventia,
540 2150 856 2210 conquiescere
873 2157 915 2200 ἃ
933 2156 1200 2205 cadaverum
1217 2162 1354 2208 instar
1376 2165 1425 2210 in
1441 2166 1614 2225 liquore
1627 2167 1832 2231 suspensa

264 2205 451 2255 haerere.
515 2213 682 2262 Eadem
714 2219 892 2263 ratione
926 2220 1033 2266 alias
1072 2239 1210 2283 aquas
1239 2226 1402 2288 stygias
1441 2232 1739 2290 instillamus,
1787 2240 1831 2284 &c

261 2272 382 2318 ide-m
406 2275 750 2335 plioenomenon
776 2282 1083 2333 observamus.
1133 2288 1255 2336 Idem
1284 2294 1338 2338 ab
1362 2311 1504 2353 aqua,
1541 2301 1586 2343 in
1611 2318 1694 2359 qua
1715 2319 1832 2347 mer..

267 2340 419 2386 curius
441 2340 708 2394 sublimatus
744 2348 999 2397 corrosivus
1025 2355 1286 2410 contabuit,
1325 2360 1443 2405 idem
1464 2361 1518 2405 ab
1549 2364 1648 2410 oleo
1675 2370 1832 2415 taitari

265 2418 341 2460 per
360 2404 609 2467 deliquium
628 2446 639 2465 ,
666 2414 785 2460 idem
812 2431 836 2460 a
859 2418 1034 2471 muria,
1074 2420 1128 2465 ab
1158 2422 1371 2469 alkoiiole
1390 2460 1401 2478 ,
1432 2443 1454 2471 a
1476 2430 1742 2488 camphora,
1774 2436 1830 2482 ab

265 2469 383 2525 opio}
444 2474 568 2522 Idem
587 2476 687 2525 fieri
711 2495 736 2525 a
765 2483 901 2528 variis
930 2489 1122 2532 venenis
1151 2490 1264 2534 varii
1290 2501 1470 2538 autores
1500 2494 1829 2545 observarunt-2

268 2556 1222 2589 -Ἣ

264 2601 296 2646 r)
324 2598 386 2634 lib.
413 2607 470 2640 cit.
495 2614 574 2652 pag.
590 2621 664 2645 222.
1076 2615 1109 2661 t)
1137 2618 1208 2652 diff.
1226 2620 1331 2663 cit.p.
1349 2632 1403 2665 72·
1422 2624 1492 2660 obs.
1507 2638 1562 2672 41.
1579 2636 1676 2672 12-85·
1695 2628 1831 2674 obfisqff

264 2647 293 2692 ι)
321 2645 382 2681 lib.
406 2651 464 2685 cit.
491 2663 562 2696 par.
579 2666 608 2691 2.
637 2667 714 2702 pag·
733 2667 789 2701 45·
1076 2662 1116 2707 u)
1143 2664 1205 2698 lib.
1227 2666 1284 2700 cit.
1312 2677 1389 2712 pag.
1409 2680 1464 2713 47.

1270 2713 1315 2759 D
