2444 3654
1833 110 2003 175 'uam
2014 98 2122 156 AER
2140 91 2179 140 ‘3232
2198 126 2201 131 .
2233 94 2239 129 ῑ,

640 1051 1588 1145 PROQMNJM,

328 1184 360 1306 (i
480 1235 559 1267 um
580 1219 839 1266 militorum
863 1219 1109 1268 hominurn
1132 1224 1372 1283 ingenium
1400 1225 1461 1270 ita
1488 1223 1543 1271 fit
1565 1233 1896 1288 comparatuni,'

513 1298 565 1332 ut
596 1302 740 1331 novas
774 1283 1139 1339 observationes,
1186 1305 1286 1347 quae
1320 1300 1398 1335 aut
1423 1282 1894 1353 antiquitus⁴recepti8

327 1354 377 1397 sn
412 1354 622 1397 omnium
655 1355 839 1398 aetatuin
866 1350 1039 1399 scholas
1075 1349 1373 1412 opinionibus
1402 1370 1681 1416 repugnant,
1730 1372 1808 1405 aut
1834 1358 1897 1405 fa-

331 1417 494 1463 ciendo
529 1432 625 1462 non
662 1416 919 1463 inserviunt
945 1419 1072 1464 lucro
1096 1453 1109 1471 ,
1159 1418 1233 1464 vel
1269 1431 1483 1478 tanquam
1518 1425 1762 1481 paradoxas
1799 1441 1897 1472 non

330 1482 543 1534 credant,
582 1483 656 1527 vel
682 1495 897 1543 tanquam
926 1484 1056 1543 plane
1081 1484 1266 1530 inutiles
1288 1499 1609 1535 contemnant:
1646 1489 1752 1536 hinc
1767 1492 1897 1537 aliter

328 1546 430 1594 fieri
456 1563 550 1593 non
579 1549 747 1606 potest,
787 1551 900 1608 quin
923 1550 1058 1596 multi
1079 1550 1405 1598 obtreetatores
1429 1555 1750 1609 inveniantur,
1788 1557 1894 1615 qui,

329 1614 440 1658 dum
459 1614 655 1672 aliquem
691 1616 744 1660 de
782 1616 1066 1661 animalculis
1091 1614 1326 1661 infusoriis
1359 1616 1700 1668 observationes
1733 1624 1781 1667 in
1807 1637 1899 1667 me-

329 1680 455 1725 dium
486 1677 688 1738 proferre
713 1682 900 1733 vident,
947 1683 1077 1728 illum
1102 1694 1179 1727 aut
1197 1680 1348 1727 fallere
1376 1686 1416 1729 ἃ
1438 1683 1557 1740 falli,
1605 1699 1682 1734 aut
1709 1702 1899 1748 crepun-

328 1745 400 1790 dia
431 1747 619 1790 trac‘tare
653 1748 692 1792 {Q
718 1762 861 1806 nugas
880 1762 1009 1807 agere
1026 1780 1038 1798 ,
1074 1763 1356 1807 praepropere
1384 1748 1549 1811 dicant.

428 1811 484 1856 In
520 1813 664 1870 priori
693 1811 860 1857 horum
896 1812 1252 1860 obtretftatorum
1295 1814 1418 1860 claffe
1456 1819 1655 1863 militant
1682 1815 1807 1864 scioli
1827 1815 1899 1863 illi

329 1877 701 1935 ratiocinatores,
726 1880 822 1937 qui,
840 1877 1097 1937 posthabito
1123 1881 1250 1924 omni
1277 1882 1586 1938 experimento
1604 1921 1616 1940 ‚
1638 1899 1692 1928 ex
1712 1885 1897 1936 innatis,

330 1957 442 2000 quas
468 1954 662 1995 vocant,
718 1943 832 1988 ideis
858 1946 979 1990 inter
1014 1946 1215 2002 privatos
1243 1944 1383 1991 musei
1417 1951 1608 2005 parietes
1640 1950 1899 1995 luxuriante

328 2006 409 2053 suo
438 2009 625 2068 ingenio
654 2007 927 2067 hypotheses
952 2012 1168 2056 continua
1197 2008 1307 2055 serie
1328 2015 1582 2066 nedtentes,
1621 2015 1803 2060 tandem
1829 2018 1900 2061 in-

330 2086 453 2131 tegra
475 2107 487 2125 ‚
523 2073 671 2127 neseio
694 2091 793 2134 quae
814 2109 826 2127 ,
866 2073 1228 2134 phantasmatum
1259 2075 1516 2136 systemata,
1557 2082 1702 2126 invita
1726 2083 1763 2127 8<
1782 2083 1902 2127 relu-

332 2142 477 2185 (stante
500 2151 689 2192 natura,
724 2138 805 2186 sibi
838 2138 1091 2200 effingunt3
1139 2153 1274 2201 atque
1313 2158 1366 2188 ex
1388 2143 1650 2202 hujusmodi
1684 2145 1772 2193 suis
1803 2149 1902 2207 opi-

330 2208 526 2250 nionum
548 2208 818 2252 commentis
838 2239 850 2258 ‚
888 2218 1108 2266 tanquam
1139 2223 1194 2252 ex
1211 2209 1387 2266 tripode
1419 2210 1729 2265 dietariendo,
1747 2216 1902 2258 onmia

331 2269 627 2320 afl'everanter
656 2272 863 2317 decidere
887 2270 1041 2317 ass'ueti
1062 2305 1075 2324 ,
1125 2274 1340 2332 quaelibet
1364 2289 1536 2322 naturae
1564 2294 1721 2324 arcana
1754 2295 1904 2339 prom-

331 2348 434 2395 pte,
473 2338 600 2383 velut
628 2338 914 2383 divinatione
938 2337 1155 2396 quadam,
1197 2341 1419 2398 explicare
1446 2341 1736 2401 praesumunt.
1802 2346 1904 2400 Jam

331 2402 438 2446 dum
458 2419 599 2448 novas
623 2401 960 2449 observationes
992 2403 1213 2449 recenseri
1241 2407 1396 2465 legunt
1415 2440 1426 2458 ,
1465 2425 1573 2467 quas
1601 2426 1700 2455 eum
1726 2407 1815 2455 suis
1831 2411 1904 2455 in-

332 2471 548 2513 veteratis
578 2470 851 2529 praejudiciis
874 2468 1056 2514 adversa
1084 2468 1241 2516 fronte
1266 2488 1490 2531 pugnare,
1527 2476 1599 2520 vel
1629 2475 1683 2520 ad
1710 2491 1905 2535 quarum

337 2531 636 2591 phaenomena
663 2534 926 2595 explicanda
955 2533 1168 2594 speciosas
1185 2574 1198 2593 ‚
1233 2552 1287 2582 ex
1314 2536 1547 2596 systemate
1574 2539 1654 2587 suo
1669 2540 1903 2602 ingenioso

341 2597 594 2655 depromtas
616 2640 628 2659 ,
666 2604 866 2647 rationes
889 2601 1040 2646 minus
1068 2601 1285 2660 quadrare
1308 2603 1493 2650 vident:
1542 2606 1687 2653 statim
1711 2605 1905 2663 ejusmo-

349 2660 396 2708 di
422 2663 787 2721 observationes,
829 2679 1046 2727 tanquam
1070 2665 1222 2722 falsat-3,
1265 2667 1499 2718 difflatoria
1525 2688 1628 2719 curn
1660 2675 1905 2734 gravitate,

1284 2738 1324 2781 A
1359 2746 1389 2783 2
