<?xml version="1.0" encoding="UTF-8"?>
<!DOCTYPE html PUBLIC "-//W3C//DTD XHTML 1.0 Transitional//EN"
    "http://www.w3.org/TR/xhtml1/DTD/xhtml1-transitional.dtd">
<html xmlns="http://www.w3.org/1999/xhtml" xml:lang="en" lang="en">
 <head>
  <title>
</title>
<meta http-equiv="Content-Type" content="text/html;charset=utf-8" />
  <meta name='ocr-system' content='tesseract 3.04.00' />
  <meta name='ocr-capabilities' content='ocr_page ocr_carea ocr_par ocr_line ocrx_word'/>
</head>
<body>
  <div class='ocr_page' id='page_1' title='image "./dissertatioinaug00tere_0061.png"; bbox 0 0 2444 3654; ppageno 0'>
   <div class='ocr_carea' id='block_1_1' title="bbox 982 284 1357 370">
    <p class='ocr_par' dir='ltr' id='par_1_1' title="bbox 982 284 1357 370">
     <span class='ocr_line' id='line_1_1' title="bbox 982 284 1357 370; baseline 0.024 -8"><span class='ocrx_word' id='word_1_1' title='bbox 982 284 1357 370; x_wconf 45' lang='lat'>52:722&amp;</span> 
     </span>
    </p>
   </div>
   <div class='ocr_carea' id='block_1_2' title="bbox 355 403 1942 2432">
    <p class='ocr_par' dir='ltr' id='par_1_2' title="bbox 355 403 1942 1686">
     <span class='ocr_line' id='line_1_2' title="bbox 455 403 1940 476; baseline 0.022 -34"><span class='ocrx_word' id='word_1_2' title='bbox 455 403 485 456; x_wconf 89' lang='lat'>§.</span> <span class='ocrx_word' id='word_1_3' title='bbox 522 417 581 455; x_wconf 82' lang='lat'>7⁹·</span> <span class='ocrx_word' id='word_1_4' title='bbox 612 407 697 456; x_wconf 87' lang='lat' dir='ltr'>Jam</span> <span class='ocrx_word' id='word_1_5' title='bbox 727 411 992 459; x_wconf 84' lang='lat' dir='ltr'>experimenta</span> <span class='ocrx_word' id='word_1_6' title='bbox 1023 418 1216 464; x_wconf 86' lang='lat' dir='ltr'>ejusmodi</span> <span class='ocrx_word' id='word_1_7' title='bbox 1247 420 1334 461; x_wconf 86' lang='lat' dir='ltr'>sunt</span> <span class='ocrx_word' id='word_1_8' title='bbox 1358 423 1615 472; x_wconf 83' lang='lat' dir='ltr'>instituenda,</span> <span class='ocrx_word' id='word_1_9' title='bbox 1647 437 1730 476; x_wconf 83' lang='lat' dir='ltr'>quae</span> <span class='ocrx_word' id='word_1_10' title='bbox 1760 430 1808 471; x_wconf 81' lang='lat' dir='ltr'>ab</span> <span class='ocrx_word' id='word_1_11' title='bbox 1829 428 1940 476; x_wconf 63' lang='lat' dir='ltr'>omni</span> 
     </span>
     <span class='ocr_line' id='line_1_3' title="bbox 374 456 1942 528; baseline 0.02 -33"><span class='ocrx_word' id='word_1_12' title='bbox 374 456 587 499; x_wconf 87' lang='lat' dir='ltr'>formidine</span> <span class='ocrx_word' id='word_1_13' title='bbox 619 461 782 510; x_wconf 79' lang='lat' dir='ltr'>oppofiti</span> <span class='ocrx_word' id='word_1_14' title='bbox 818 463 962 506; x_wconf 81' lang='lat' dir='ltr'>liberos</span> <span class='ocrx_word' id='word_1_15' title='bbox 995 471 1029 508; x_wconf 66' lang='grc' dir='ltr'><strong>ἃ</strong></span> <span class='ocrx_word' id='word_1_16' title='bbox 1052 471 1245 512; x_wconf 87' lang='lat' dir='ltr'>immunes</span> <span class='ocrx_word' id='word_1_17' title='bbox 1266 488 1337 514; x_wconf 89' lang='lat' dir='ltr'>nos</span> <span class='ocrx_word' id='word_1_18' title='bbox 1361 478 1523 517; x_wconf 86' lang='lat' dir='ltr'>reddere</span> <span class='ocrx_word' id='word_1_19' title='bbox 1547 479 1715 528; x_wconf 63' lang='lat' dir='ltr'>possunt.</span> <span class='ocrx_word' id='word_1_20' title='bbox 1773 486 1942 528; x_wconf 84' lang='lat' dir='ltr'>Animal.</span> 
     </span>
     <span class='ocr_line' id='line_1_4' title="bbox 373 510 1934 590; baseline 0.02 -43"><span class='ocrx_word' id='word_1_21' title='bbox 373 510 460 550; x_wconf 86' lang='lat' dir='ltr'>cula</span> <span class='ocrx_word' id='word_1_22' title='bbox 483 511 664 552; x_wconf 85' lang='lat' dir='ltr'>infusoria</span> <span class='ocrx_word' id='word_1_23' title='bbox 685 515 725 553; x_wconf 89' lang='lat' dir='ltr'>in</span> <span class='ocrx_word' id='word_1_24' title='bbox 748 516 875 557; x_wconf 83' lang='lat' dir='ltr'>infuso</span> <span class='ocrx_word' id='word_1_25' title='bbox 896 521 1052 569; x_wconf 89' lang='lat' dir='ltr'>penitus</span> <span class='ocrx_word' id='word_1_26' title='bbox 1077 525 1282 575; x_wconf 84' lang='lat' dir='ltr'>congelato</span> <span class='ocrx_word' id='word_1_27' title='bbox 1297 558 1307 575; x_wconf 79' lang='lat'><strong><em>‚</em></strong></span> <span class='ocrx_word' id='word_1_28' title='bbox 1337 541 1411 569; x_wconf 91' lang='lat' dir='ltr'>nec</span> <span class='ocrx_word' id='word_1_29' title='bbox 1442 544 1521 569; x_wconf 91' lang='lat' dir='ltr'>non</span> <span class='ocrx_word' id='word_1_30' title='bbox 1540 531 1667 573; x_wconf 88' lang='lat' dir='ltr'>calore</span> <span class='ocrx_word' id='word_1_31' title='bbox 1685 534 1793 584; x_wconf 90' lang='lat' dir='ltr'>supra</span> <span class='ocrx_word' id='word_1_32' title='bbox 1818 552 1860 584; x_wconf 82' lang='lat'>³5</span> <span class='ocrx_word' id='word_1_33' title='bbox 1879 554 1934 590; x_wconf 82' lang='lat' dir='ltr'>gr.</span> 
     </span>
     <span class='ocr_line' id='line_1_5' title="bbox 373 563 1941 639; baseline 0.019 -39"><span class='ocrx_word' id='word_1_34' title='bbox 373 563 514 602; x_wconf 87' lang='lat' dir='ltr'>therm.</span> <span class='ocrx_word' id='word_1_35' title='bbox 551 565 781 608; x_wconf 83' lang='lat' dir='ltr'><strong>REAUMUR</strong></span> <span class='ocrx_word' id='word_1_36' title='bbox 818 572 1035 614; x_wconf 85' lang='lat' dir='ltr'>inevitabili</span> <span class='ocrx_word' id='word_1_37' title='bbox 1058 576 1138 616; x_wconf 87' lang='lat' dir='ltr'>fato</span> <span class='ocrx_word' id='word_1_38' title='bbox 1159 580 1306 629; x_wconf 79' lang='lat' dir='ltr'>perire,</span> <span class='ocrx_word' id='word_1_39' title='bbox 1337 585 1678 633; x_wconf 82' lang='lat' dir='ltr'>perexperimenta</span> <span class='ocrx_word' id='word_1_40' title='bbox 1696 587 1941 639; x_wconf 85' lang='lat' dir='ltr'>superiusre.</span> 
     </span>
     <span class='ocr_line' id='line_1_6' title="bbox 370 615 1936 694; baseline 0.02 -40"><span class='ocrx_word' id='word_1_41' title='bbox 370 615 512 655; x_wconf 83' lang='lat' dir='ltr'>cenfita</span> <span class='ocrx_word' id='word_1_42' title='bbox 531 621 678 660; x_wconf 81' lang='lat' dir='ltr'>constat</span> <span class='ocrx_word' id='word_1_43' title='bbox 711 622 904 673; x_wconf 77' lang='lat'>§.32.33.)</span> <span class='ocrx_word' id='word_1_44' title='bbox 937 628 1285 679; x_wconf 83' lang='lat' dir='ltr'>Constatpraeterea</span> <span class='ocrx_word' id='word_1_45' title='bbox 1308 635 1465 675; x_wconf 79' lang='lat' dir='ltr'>aliunde</span> <span class='ocrx_word' id='word_1_46' title='bbox 1481 651 1553 676; x_wconf 84' lang='lat' dir='ltr'>ova</span> <span class='ocrx_word' id='word_1_47' title='bbox 1573 640 1809 687; x_wconf 69' lang='lat' dir='ltr'>animalium.v</span> <span class='ocrx_word' id='word_1_48' title='bbox 1826 657 1936 694; x_wconf 82' lang='lat' dir='ltr'>aeque</span> 
     </span>
     <span class='ocr_line' id='line_1_7' title="bbox 370 668 1939 741; baseline 0.022 -35"><span class='ocrx_word' id='word_1_49' title='bbox 370 679 416 707; x_wconf 83' lang='lat' dir='ltr'>ac</span> <span class='ocrx_word' id='word_1_50' title='bbox 439 668 581 710; x_wconf 83' lang='lat' dir='ltr'>semina</span> <span class='ocrx_word' id='word_1_51' title='bbox 615 675 916 725; x_wconf 63' lang='lat' dir='ltr'>vegetabilium,</span> <span class='ocrx_word' id='word_1_52' title='bbox 947 680 1076 720; x_wconf 88' lang='lat' dir='ltr'>calore</span> <span class='ocrx_word' id='word_1_53' title='bbox 1098 696 1203 732; x_wconf 87' lang='lat' dir='ltr'>aquae</span> <span class='ocrx_word' id='word_1_54' title='bbox 1219 686 1442 727; x_wconf 82' lang='lat' dir='ltr'>ebullientis</span> <span class='ocrx_word' id='word_1_55' title='bbox 1464 690 1693 732; x_wconf 83' lang='lat' dir='ltr'>infoecunda</span> <span class='ocrx_word' id='word_1_56' title='bbox 1717 696 1838 736; x_wconf 84' lang='lat' dir='ltr'>reddi.</span> <span class='ocrx_word' id='word_1_57' title='bbox 1871 699 1939 741; x_wconf 85' lang='lat' dir='ltr'>Sic</span> 
     </span>
     <span class='ocr_line' id='line_1_8' title="bbox 370 721 1937 797; baseline 0.02 -38"><span class='ocrx_word' id='word_1_58' title='bbox 370 721 499 761; x_wconf 84' lang='lat' dir='ltr'>avium</span> <span class='ocrx_word' id='word_1_59' title='bbox 515 737 589 764; x_wconf 90' lang='lat' dir='ltr'>ova</span> <span class='ocrx_word' id='word_1_60' title='bbox 612 727 672 765; x_wconf 91' lang='lat' dir='ltr'>vel</span> <span class='ocrx_word' id='word_1_61' title='bbox 690 726 765 767; x_wconf 88' lang='lat' dir='ltr'>levi</span> <span class='ocrx_word' id='word_1_62' title='bbox 783 732 962 771; x_wconf 62' lang='lat' dir='ltr'>coctione</span> <span class='ocrx_word' id='word_1_63' title='bbox 978 734 1173 784; x_wconf 87' lang='lat' dir='ltr'>coagulari</span> <span class='ocrx_word' id='word_1_64' title='bbox 1199 740 1232 776; x_wconf 73' lang='grc' dir='ltr'>ἃ</span> <span class='ocrx_word' id='word_1_65' title='bbox 1252 739 1435 788; x_wconf 88' lang='lat' dir='ltr'>indurari,</span> <span class='ocrx_word' id='word_1_66' title='bbox 1455 746 1680 791; x_wconf 81' lang='lat' dir='ltr'>quotidiana</span> <span class='ocrx_word' id='word_1_67' title='bbox 1695 752 1937 797; x_wconf 74' lang='lat' dir='ltr'>experientia</span> 
     </span>
     <span class='ocr_line' id='line_1_9' title="bbox 369 773 1937 846; baseline 0.022 -34"><span class='ocrx_word' id='word_1_68' title='bbox 369 773 497 815; x_wconf 83' lang='lat' dir='ltr'>docet.</span> <span class='ocrx_word' id='word_1_69' title='bbox 555 778 783 821; x_wconf 75' lang='lat' dir='ltr'>BELL1NUS</span> <span class='ocrx_word' id='word_1_70' title='bbox 801 791 854 833; x_wconf 69' lang='lat' dir='ltr'>p)</span> <span class='ocrx_word' id='word_1_71' title='bbox 880 785 915 823; x_wconf 68' lang='lat' dir='ltr'>Sc</span> <span class='ocrx_word' id='word_1_72' title='bbox 935 785 1071 826; x_wconf 76' lang='lat' dir='ltr'><strong>BALBI</strong></span> <span class='ocrx_word' id='word_1_73' title='bbox 1088 789 1131 840; x_wconf 83' lang='lat' dir='ltr'>q)</span> <span class='ocrx_word' id='word_1_74' title='bbox 1161 789 1398 832; x_wconf 85' lang='lat' dir='ltr'>addiderunt</span> <span class='ocrx_word' id='word_1_75' title='bbox 1414 823 1422 835; x_wconf 80' lang='grc'>,</span> <span class='ocrx_word' id='word_1_76' title='bbox 1441 795 1605 836; x_wconf 85' lang='lat' dir='ltr'>lixatura</span> <span class='ocrx_word' id='word_1_77' title='bbox 1629 799 1889 843; x_wconf 82' lang='lat' dir='ltr'>cicatriculam</span> <span class='ocrx_word' id='word_1_78' title='bbox 1911 819 1937 846; x_wconf 85' lang='lat' dir='ltr'>a</span> 
     </span>
     <span class='ocr_line' id='line_1_10' title="bbox 366 830 1937 898; baseline 0.022 -34"><span class='ocrx_word' id='word_1_79' title='bbox 366 830 591 869; x_wconf 80' lang='lat' dir='ltr'>membrana</span> <span class='ocrx_word' id='word_1_80' title='bbox 607 832 721 872; x_wconf 86' lang='lat' dir='ltr'>avelli</span> <span class='ocrx_word' id='word_1_81' title='bbox 739 863 751 881; x_wconf 91' lang='lat'>‚</span> <span class='ocrx_word' id='word_1_82' title='bbox 780 836 943 884; x_wconf 79' lang='lat' dir='ltr'>destrui,</span> <span class='ocrx_word' id='word_1_83' title='bbox 972 841 1006 878; x_wconf 69' lang='grc' dir='ltr'>δι</span> <span class='ocrx_word' id='word_1_84' title='bbox 1033 842 1170 889; x_wconf 85' lang='lat' dir='ltr'>projici</span> <span class='ocrx_word' id='word_1_85' title='bbox 1193 844 1232 881; x_wconf 89' lang='lat' dir='ltr'>in</span> <span class='ocrx_word' id='word_1_86' title='bbox 1260 853 1436 884; x_wconf 85' lang='lat' dir='ltr'>centrum</span> <span class='ocrx_word' id='word_1_87' title='bbox 1461 848 1593 888; x_wconf 80' lang='lat' dir='ltr'>vitelli.</span> <span class='ocrx_word' id='word_1_88' title='bbox 1653 851 1798 893; x_wconf 86' lang='lat' dir='ltr'>Rustici</span> <span class='ocrx_word' id='word_1_89' title='bbox 1817 857 1937 898; x_wconf 83' lang='lat' dir='ltr'>ovula</span> 
     </span>
     <span class='ocr_line' id='line_1_11' title="bbox 368 883 1937 954; baseline 0.021 -36"><span class='ocrx_word' id='word_1_90' title='bbox 368 883 478 920; x_wconf 91' lang='lat' dir='ltr'>cocci</span> <span class='ocrx_word' id='word_1_91' title='bbox 503 883 704 935; x_wconf 89' lang='lat' dir='ltr'>polonici,</span> <span class='ocrx_word' id='word_1_92' title='bbox 749 898 790 927; x_wconf 87' lang='lat' dir='ltr'>ut</span> <span class='ocrx_word' id='word_1_93' title='bbox 811 889 1074 932; x_wconf 73' lang='lat' dir='ltr'>exclusionem</span> <span class='ocrx_word' id='word_1_94' title='bbox 1091 894 1147 933; x_wconf 80' lang='lat' dir='ltr'>im</span> <span class='ocrx_word' id='word_1_95' title='bbox 1179 896 1334 946; x_wconf 88' lang='lat' dir='ltr'>ediant‚</span> <span class='ocrx_word' id='word_1_96' title='bbox 1363 899 1406 937; x_wconf 89' lang='lat' dir='ltr'>in</span> <span class='ocrx_word' id='word_1_97' title='bbox 1431 899 1546 940; x_wconf 90' lang='lat' dir='ltr'>furno</span> <span class='ocrx_word' id='word_1_98' title='bbox 1569 915 1637 952; x_wconf 86' lang='lat' dir='ltr'>per</span> <span class='ocrx_word' id='word_1_99' title='bbox 1658 905 1816 954; x_wconf 85' lang='lat' dir='ltr'>aliquod</span> <span class='ocrx_word' id='word_1_100' title='bbox 1837 918 1937 950; x_wconf 90' lang='lat' dir='ltr'>tem-</span> 
     </span>
     <span class='ocr_line' id='line_1_12' title="bbox 367 907 1935 1006; baseline 0.018 -36"><span class='ocrx_word' id='word_1_101' title='bbox 367 944 439 982; x_wconf 88' lang='lat' dir='ltr'>pus</span> <span class='ocrx_word' id='word_1_102' title='bbox 459 935 696 987; x_wconf 88' lang='lat' dir='ltr'>relinquunt.</span> <span class='ocrx_word' id='word_1_103' title='bbox 753 943 1046 985; x_wconf 80' lang='lat' dir='ltr'><strong>SPALANZANI</strong></span> <span class='ocrx_word' id='word_1_104' title='bbox 1066 907 1212 988; x_wconf 62' lang='grc' dir='ltr'>18ηὲἐὲ</span> <span class='ocrx_word' id='word_1_105' title='bbox 1226 950 1397 999; x_wconf 89' lang='lat' dir='ltr'>pulicum</span> <span class='ocrx_word' id='word_1_106' title='bbox 1414 983 1425 1001; x_wconf 89' lang='lat'>‚</span> <span class='ocrx_word' id='word_1_107' title='bbox 1448 955 1564 994; x_wconf 91' lang='lat' dir='ltr'>ovula</span> <span class='ocrx_word' id='word_1_108' title='bbox 1591 957 1831 1006; x_wconf 86' lang='lat' dir='ltr'>muscarum,</span> <span class='ocrx_word' id='word_1_109' title='bbox 1853 975 1935 1003; x_wconf 86' lang='lat' dir='ltr'>ara-</span> 
     </span>
     <span class='ocr_line' id='line_1_13' title="bbox 366 991 1934 1057; baseline 0.02 -33"><span class='ocrx_word' id='word_1_110' title='bbox 366 997 525 1028; x_wconf 88' lang='lat' dir='ltr'>nearum</span> <span class='ocrx_word' id='word_1_111' title='bbox 539 1019 550 1037; x_wconf 88' lang='lat'><strong>‚</strong></span> <span class='ocrx_word' id='word_1_112' title='bbox 574 991 842 1044; x_wconf 74' lang='lat' dir='ltr'>papilionum,</span> <span class='ocrx_word' id='word_1_113' title='bbox 875 1001 910 1037; x_wconf 68' lang='grc' dir='ltr'>ὅ(</span> <span class='ocrx_word' id='word_1_114' title='bbox 934 998 1098 1038; x_wconf 87' lang='lat' dir='ltr'>aliorum</span> <span class='ocrx_word' id='word_1_115' title='bbox 1119 1001 1353 1043; x_wconf 69' lang='lat' dir='ltr'>insectorum</span> <span class='ocrx_word' id='word_1_116' title='bbox 1374 1007 1412 1044; x_wconf 93' lang='lat' dir='ltr'>in</span> <span class='ocrx_word' id='word_1_117' title='bbox 1427 1019 1524 1056; x_wconf 88' lang='lat' dir='ltr'>aqua</span> <span class='ocrx_word' id='word_1_118' title='bbox 1545 1008 1670 1049; x_wconf 86' lang='lat' dir='ltr'>calida</span> <span class='ocrx_word' id='word_1_119' title='bbox 1692 1013 1869 1054; x_wconf 84' lang='lat' dir='ltr'>contrahi</span> <span class='ocrx_word' id='word_1_120' title='bbox 1895 1019 1934 1057; x_wconf 75' lang='grc' dir='ltr'>δε</span> 
     </span>
     <span class='ocr_line' id='line_1_14' title="bbox 364 1038 1936 1109; baseline 0.018 -32"><span class='ocrx_word' id='word_1_121' title='bbox 364 1038 552 1091; x_wconf 85' lang='lat' dir='ltr'>indurari,</span> <span class='ocrx_word' id='word_1_122' title='bbox 574 1057 755 1095; x_wconf 85' lang='lat' dir='ltr'>expertus</span> <span class='ocrx_word' id='word_1_123' title='bbox 768 1049 820 1088; x_wconf 89' lang='lat' dir='ltr'>est</span> <span class='ocrx_word' id='word_1_124' title='bbox 834 1057 889 1088; x_wconf 51' lang='lat' dir='ltr'>:rh</span> <span class='ocrx_word' id='word_1_125' title='bbox 950 1051 1059 1091; x_wconf 87' lang='lat' dir='ltr'>Idem</span> <span class='ocrx_word' id='word_1_126' title='bbox 1076 1063 1187 1094; x_wconf 86' lang='lat' dir='ltr'>autor</span> <span class='ocrx_word' id='word_1_127' title='bbox 1208 1056 1357 1095; x_wconf 85' lang='lat' dir='ltr'>diversa</span> <span class='ocrx_word' id='word_1_128' title='bbox 1378 1057 1673 1106; x_wconf 77' lang='lat' dir='ltr'>semina,etiam</span> <span class='ocrx_word' id='word_1_129' title='bbox 1693 1067 1839 1106; x_wconf 88' lang='lat' dir='ltr'>cortice</span> <span class='ocrx_word' id='word_1_130' title='bbox 1863 1069 1936 1109; x_wconf 79' lang='lat' dir='ltr'>du.</span> 
     </span>
     <span class='ocr_line' id='line_1_15' title="bbox 363 1091 1938 1163; baseline 0.018 -32"><span class='ocrx_word' id='word_1_131' title='bbox 363 1091 507 1133; x_wconf 83' lang='lat' dir='ltr'>riffimo</span> <span class='ocrx_word' id='word_1_132' title='bbox 532 1100 657 1146; x_wconf 65' lang='lat' dir='ltr'>tecta,</span> <span class='ocrx_word' id='word_1_133' title='bbox 688 1100 729 1138; x_wconf 84' lang='lat' dir='ltr'>in</span> <span class='ocrx_word' id='word_1_134' title='bbox 752 1115 849 1152; x_wconf 84' lang='lat' dir='ltr'>aqua</span> <span class='ocrx_word' id='word_1_135' title='bbox 870 1102 1059 1145; x_wconf 88' lang='lat' dir='ltr'>bulliente</span> <span class='ocrx_word' id='word_1_136' title='bbox 1081 1119 1152 1156; x_wconf 79' lang='lat' dir='ltr'>per</span> <span class='ocrx_word' id='word_1_137' title='bbox 1179 1108 1348 1158; x_wconf 87' lang='lat' dir='ltr'>spatium</span> <span class='ocrx_word' id='word_1_138' title='bbox 1379 1111 1550 1152; x_wconf 74' lang='lat' dir='ltr'>dimidia:</span> <span class='ocrx_word' id='word_1_139' title='bbox 1582 1114 1685 1155; x_wconf 83' lang='lat' dir='ltr'>horae</span> <span class='ocrx_word' id='word_1_140' title='bbox 1708 1118 1868 1160; x_wconf 87' lang='lat' dir='ltr'>detenta</span> <span class='ocrx_word' id='word_1_141' title='bbox 1896 1125 1938 1163; x_wconf 70' lang='lat' dir='ltr'>Sc</span> 
     </span>
     <span class='ocr_line' id='line_1_16' title="bbox 362 1146 1934 1224; baseline 0.019 -40"><span class='ocrx_word' id='word_1_142' title='bbox 362 1146 493 1194; x_wconf 80' lang='lat' dir='ltr'>postea</span> <span class='ocrx_word' id='word_1_143' title='bbox 512 1158 621 1190; x_wconf 88' lang='lat' dir='ltr'>terrae</span> <span class='ocrx_word' id='word_1_144' title='bbox 644 1162 740 1200; x_wconf 86' lang='lat' dir='ltr'>aptae</span> <span class='ocrx_word' id='word_1_145' title='bbox 763 1157 940 1195; x_wconf 77' lang='lat' dir='ltr'>mandata</span> <span class='ocrx_word' id='word_1_146' title='bbox 956 1187 967 1205; x_wconf 91' lang='lat'>,</span> <span class='ocrx_word' id='word_1_147' title='bbox 1007 1172 1085 1197; x_wconf 89' lang='lat' dir='ltr'>non</span> <span class='ocrx_word' id='word_1_148' title='bbox 1115 1163 1342 1210; x_wconf 67' lang='lat' dir='ltr'>germinasse</span> <span class='ocrx_word' id='word_1_149' title='bbox 1364 1166 1584 1206; x_wconf 82' lang='lat' dir='ltr'>observavit</span> <span class='ocrx_word' id='word_1_150' title='bbox 1603 1181 1621 1207; x_wconf 80' lang='grc' dir='ltr'>-ς</span> <span class='ocrx_word' id='word_1_151' title='bbox 1638 1174 1663 1207; x_wconf 58' lang='lat' dir='ltr'>i.</span> <span class='ocrx_word' id='word_1_152' title='bbox 1722 1170 1830 1210; x_wconf 87' lang='lat' dir='ltr'>Idem</span> <span class='ocrx_word' id='word_1_153' title='bbox 1853 1175 1934 1224; x_wconf 84' lang='lat' dir='ltr'>ipse</span> 
     </span>
     <span class='ocr_line' id='line_1_17' title="bbox 355 1206 1934 1277; baseline 0.018 -39"><span class='ocrx_word' id='word_1_154' title='bbox 355 1211 485 1240; x_wconf 77' lang='lat' dir='ltr'>nuces</span> <span class='ocrx_word' id='word_1_155' title='bbox 515 1215 563 1242; x_wconf 91' lang='lat' dir='ltr'>ex</span> <span class='ocrx_word' id='word_1_156' title='bbox 582 1206 810 1254; x_wconf 82' lang='lat' dir='ltr'>quibusdam</span> <span class='ocrx_word' id='word_1_157' title='bbox 828 1209 959 1259; x_wconf 87' lang='lat' dir='ltr'>drupis</span> <span class='ocrx_word' id='word_1_158' title='bbox 983 1212 1039 1251; x_wconf 92' lang='lat' dir='ltr'>uti</span> <span class='ocrx_word' id='word_1_159' title='bbox 1055 1214 1254 1264; x_wconf 79' lang='lat' dir='ltr'>amygdali</span> <span class='ocrx_word' id='word_1_160' title='bbox 1275 1217 1449 1266; x_wconf 65' lang='lat' dir='ltr'>persicae,</span> <span class='ocrx_word' id='word_1_161' title='bbox 1481 1221 1675 1272; x_wconf 86' lang='lat' dir='ltr'>amygdali</span> <span class='ocrx_word' id='word_1_162' title='bbox 1697 1229 1934 1277; x_wconf 83' lang='lat' dir='ltr'>communis,</span> 
     </span>
     <span class='ocr_line' id='line_1_18' title="bbox 361 1255 1936 1323; baseline 0.018 -32"><span class='ocrx_word' id='word_1_163' title='bbox 361 1255 475 1301; x_wconf 90' lang='lat' dir='ltr'>pruni</span> <span class='ocrx_word' id='word_1_164' title='bbox 491 1257 628 1306; x_wconf 86' lang='lat' dir='ltr'>cerasi,</span> <span class='ocrx_word' id='word_1_165' title='bbox 656 1262 769 1308; x_wconf 89' lang='lat' dir='ltr'>pruni</span> <span class='ocrx_word' id='word_1_166' title='bbox 792 1262 1009 1304; x_wconf 86' lang='lat' dir='ltr'>domesticae</span> <span class='ocrx_word' id='word_1_167' title='bbox 1030 1268 1158 1306; x_wconf 61' lang='lat' dir='ltr'>codas</span> <span class='ocrx_word' id='word_1_168' title='bbox 1186 1270 1426 1311; x_wconf 83' lang='lat' dir='ltr'>examinavit</span> <span class='ocrx_word' id='word_1_169' title='bbox 1446 1301 1457 1320; x_wconf 83' lang='lat'><strong>‚</strong></span> <span class='ocrx_word' id='word_1_170' title='bbox 1499 1276 1534 1314; x_wconf 84' lang='lat'>&amp;</span> <span class='ocrx_word' id='word_1_171' title='bbox 1557 1276 1657 1314; x_wconf 90' lang='lat' dir='ltr'>vidit</span> <span class='ocrx_word' id='word_1_172' title='bbox 1678 1289 1757 1315; x_wconf 89' lang='lat' dir='ltr'>non</span> <span class='ocrx_word' id='word_1_173' title='bbox 1780 1288 1936 1323; x_wconf 86' lang='lat' dir='ltr'>tantum</span> 
     </span>
     <span class='ocr_line' id='line_1_19' title="bbox 365 1309 1937 1383; baseline 0.018 -38"><span class='ocrx_word' id='word_1_174' title='bbox 365 1309 552 1348; x_wconf 88' lang='lat' dir='ltr'>corticem</span> <span class='ocrx_word' id='word_1_175' title='bbox 572 1311 795 1354; x_wconf 76' lang='lat' dir='ltr'>interiorem</span> <span class='ocrx_word' id='word_1_176' title='bbox 815 1329 910 1366; x_wconf 87' lang='lat' dir='ltr'>aqua</span> <span class='ocrx_word' id='word_1_177' title='bbox 930 1327 1174 1366; x_wconf 82' lang='lat' dir='ltr'>penetratum</span> <span class='ocrx_word' id='word_1_178' title='bbox 1197 1322 1309 1362; x_wconf 76' lang='lat' dir='ltr'>fuisse</span> <span class='ocrx_word' id='word_1_179' title='bbox 1326 1353 1338 1373; x_wconf 93' lang='lat'>,</span> <span class='ocrx_word' id='word_1_180' title='bbox 1358 1323 1426 1364; x_wconf 89' lang='lat' dir='ltr'>sed</span> <span class='ocrx_word' id='word_1_181' title='bbox 1444 1328 1564 1366; x_wconf 85' lang='lat' dir='ltr'>etiam</span> <span class='ocrx_word' id='word_1_182' title='bbox 1578 1337 1753 1370; x_wconf 86' lang='lat' dir='ltr'>teneram</span> <span class='ocrx_word' id='word_1_183' title='bbox 1772 1333 1937 1383; x_wconf 87' lang='lat' dir='ltr'>pellicu-</span> 
     </span>
     <span class='ocr_line' id='line_1_20' title="bbox 362 1356 1934 1435; baseline 0.017 -38"><span class='ocrx_word' id='word_1_184' title='bbox 362 1356 465 1405; x_wconf 85' lang='lat' dir='ltr'>lam,</span> <span class='ocrx_word' id='word_1_185' title='bbox 494 1375 577 1412; x_wconf 84' lang='lat' dir='ltr'>quae</span> <span class='ocrx_word' id='word_1_186' title='bbox 592 1377 749 1414; x_wconf 88' lang='lat' dir='ltr'>germ-en</span> <span class='ocrx_word' id='word_1_187' title='bbox 766 1369 959 1418; x_wconf 81' lang='lat' dir='ltr'>involvit,</span> <span class='ocrx_word' id='word_1_188' title='bbox 992 1372 1086 1411; x_wconf 85' lang='lat' dir='ltr'>inde</span> <span class='ocrx_word' id='word_1_189' title='bbox 1105 1373 1311 1424; x_wconf 80' lang='lat' dir='ltr'>seceffiffe‚</span> <span class='ocrx_word' id='word_1_190' title='bbox 1354 1379 1389 1416; x_wconf 70' lang='lat' dir='ltr'>Sc</span> <span class='ocrx_word' id='word_1_191' title='bbox 1417 1391 1575 1427; x_wconf 89' lang='lat' dir='ltr'>germen</span> <span class='ocrx_word' id='word_1_192' title='bbox 1596 1382 1722 1431; x_wconf 86' lang='lat' dir='ltr'>ipsum</span> <span class='ocrx_word' id='word_1_193' title='bbox 1748 1387 1848 1435; x_wconf 77' lang='lat' dir='ltr'>quali</span> <span class='ocrx_word' id='word_1_194' title='bbox 1871 1397 1934 1428; x_wconf 81' lang='lat' dir='ltr'>tu-</span> 
     </span>
     <span class='ocr_line' id='line_1_21' title="bbox 364 1413 1933 1490; baseline 0.019 -39"><span class='ocrx_word' id='word_1_195' title='bbox 364 1413 575 1454; x_wconf 65' lang='lat' dir='ltr'>mefactum</span> <span class='ocrx_word' id='word_1_196' title='bbox 608 1418 717 1458; x_wconf 78' lang='lat' dir='ltr'>fuisse</span> <span class='ocrx_word' id='word_1_197' title='bbox 735 1421 787 1468; x_wconf 72' lang='lat' dir='ltr'>t).</span> <span class='ocrx_word' id='word_1_198' title='bbox 844 1422 883 1462; x_wconf 88' lang='lat' dir='ltr'>Si</span> <span class='ocrx_word' id='word_1_199' title='bbox 899 1437 990 1473; x_wconf 83' lang='lat' dir='ltr'>ergo</span> <span class='ocrx_word' id='word_1_200' title='bbox 1007 1439 1139 1465; x_wconf 83' lang='lat' dir='ltr'>verum</span> <span class='ocrx_word' id='word_1_201' title='bbox 1155 1427 1229 1476; x_wconf 80' lang='lat' dir='ltr'>est,</span> <span class='ocrx_word' id='word_1_202' title='bbox 1256 1431 1489 1471; x_wconf 79' lang='lat' dir='ltr'>animalcula</span> <span class='ocrx_word' id='word_1_203' title='bbox 1513 1433 1723 1483; x_wconf 80' lang='lat' dir='ltr'>infusoria,</span> <span class='ocrx_word' id='word_1_204' title='bbox 1748 1448 1933 1490; x_wconf 84' lang='lat' dir='ltr'>tanquam</span> 
     </span>
     <span class='ocr_line' id='line_1_22' title="bbox 365 1471 1936 1538; baseline 0.019 -34"><span class='ocrx_word' id='word_1_205' title='bbox 365 1477 457 1506; x_wconf 88' lang='lat' dir='ltr'>vere</span> <span class='ocrx_word' id='word_1_206' title='bbox 481 1471 678 1518; x_wconf 84' lang='lat' dir='ltr'>aquatica,</span> <span class='ocrx_word' id='word_1_207' title='bbox 709 1487 796 1512; x_wconf 72' lang='lat' dir='ltr'>cum</span> <span class='ocrx_word' id='word_1_208' title='bbox 813 1487 909 1525; x_wconf 84' lang='lat' dir='ltr'>aqua</span> <span class='ocrx_word' id='word_1_209' title='bbox 924 1480 1124 1518; x_wconf 87' lang='lat' dir='ltr'>communi</span> <span class='ocrx_word' id='word_1_210' title='bbox 1139 1480 1177 1518; x_wconf 89' lang='lat' dir='ltr'>in</span> <span class='ocrx_word' id='word_1_211' title='bbox 1197 1482 1321 1522; x_wconf 88' lang='lat' dir='ltr'>infusa</span> <span class='ocrx_word' id='word_1_212' title='bbox 1340 1485 1545 1533; x_wconf 72' lang='lat' dir='ltr'>advenire,</span> <span class='ocrx_word' id='word_1_213' title='bbox 1576 1487 1745 1538; x_wconf 81' lang='lat' dir='ltr'>sequitur</span> <span class='ocrx_word' id='word_1_214' title='bbox 1760 1493 1825 1532; x_wconf 89' lang='lat' dir='ltr'>illa</span> <span class='ocrx_word' id='word_1_215' title='bbox 1836 1508 1936 1534; x_wconf 89' lang='lat' dir='ltr'>nun-</span> 
     </span>
     <span class='ocr_line' id='line_1_23' title="bbox 362 1522 1932 1594; baseline 0.02 -37"><span class='ocrx_word' id='word_1_216' title='bbox 362 1530 476 1567; x_wconf 88' lang='lat' dir='ltr'>quam</span> <span class='ocrx_word' id='word_1_217' title='bbox 521 1522 641 1563; x_wconf 88' lang='lat' dir='ltr'>visum</span> <span class='ocrx_word' id='word_1_218' title='bbox 670 1526 714 1564; x_wconf 88' lang='lat' dir='ltr'>iri</span> <span class='ocrx_word' id='word_1_219' title='bbox 736 1527 775 1565; x_wconf 90' lang='lat' dir='ltr'>in</span> <span class='ocrx_word' id='word_1_220' title='bbox 801 1540 920 1578; x_wconf 76' lang='lat' dir='ltr'>aqua,</span> <span class='ocrx_word' id='word_1_221' title='bbox 971 1544 1054 1580; x_wconf 87' lang='lat' dir='ltr'>qnae</span> <span class='ocrx_word' id='word_1_222' title='bbox 1081 1534 1184 1582; x_wconf 86' lang='lat' dir='ltr'>prius</span> <span class='ocrx_word' id='word_1_223' title='bbox 1203 1545 1284 1575; x_wconf 88' lang='lat' dir='ltr'>tota</span> <span class='ocrx_word' id='word_1_224' title='bbox 1315 1536 1354 1574; x_wconf 87' lang='lat' dir='ltr'>in</span> <span class='ocrx_word' id='word_1_225' title='bbox 1381 1538 1546 1587; x_wconf 82' lang='lat' dir='ltr'>glaciem</span> <span class='ocrx_word' id='word_1_226' title='bbox 1562 1541 1667 1581; x_wconf 89' lang='lat' dir='ltr'>versa</span> <span class='ocrx_word' id='word_1_227' title='bbox 1686 1543 1791 1594; x_wconf 86' lang='lat' dir='ltr'>fuit,</span> <span class='ocrx_word' id='word_1_228' title='bbox 1835 1548 1932 1587; x_wconf 80' lang='lat' dir='ltr'>item.</span> 
     </span>
     <span class='ocr_line' id='line_1_24' title="bbox 363 1571 1933 1649; baseline 0.02 -39"><span class='ocrx_word' id='word_1_229' title='bbox 363 1571 404 1610; x_wconf 89' lang='lat' dir='ltr'>in</span> <span class='ocrx_word' id='word_1_230' title='bbox 427 1587 522 1623; x_wconf 82' lang='lat' dir='ltr'>aqua</span> <span class='ocrx_word' id='word_1_231' title='bbox 547 1589 629 1626; x_wconf 85' lang='lat' dir='ltr'>quae</span> <span class='ocrx_word' id='word_1_232' title='bbox 645 1579 749 1628; x_wconf 87' lang='lat' dir='ltr'>prius</span> <span class='ocrx_word' id='word_1_233' title='bbox 766 1580 971 1630; x_wconf 80' lang='lat' dir='ltr'>ebullivit3</span> <span class='ocrx_word' id='word_1_234' title='bbox 1002 1585 1080 1625; x_wconf 79' lang='lat' dir='ltr'>sive</span> <span class='ocrx_word' id='word_1_235' title='bbox 1101 1587 1218 1636; x_wconf 85' lang='lat' dir='ltr'>perse</span> <span class='ocrx_word' id='word_1_236' title='bbox 1237 1588 1456 1638; x_wconf 79' lang='lat' dir='ltr'>serventur,</span> <span class='ocrx_word' id='word_1_237' title='bbox 1487 1593 1562 1633; x_wconf 84' lang='lat' dir='ltr'>sive</span> <span class='ocrx_word' id='word_1_238' title='bbox 1583 1607 1672 1635; x_wconf 89' lang='lat' dir='ltr'>cum</span> <span class='ocrx_word' id='word_1_239' title='bbox 1693 1597 1821 1649; x_wconf 84' lang='lat' dir='ltr'>aliqua</span> <span class='ocrx_word' id='word_1_240' title='bbox 1845 1600 1933 1641; x_wconf 83' lang='lat' dir='ltr'>sub-</span> 
     </span>
     <span class='ocr_line' id='line_1_25' title="bbox 360 1624 1536 1686; baseline 0.017 -22"><span class='ocrx_word' id='word_1_241' title='bbox 360 1624 499 1667; x_wconf 82' lang='lat' dir='ltr'>stantia</span> <span class='ocrx_word' id='word_1_242' title='bbox 522 1632 730 1680; x_wconf 84' lang='lat' dir='ltr'>vegetabili</span> <span class='ocrx_word' id='word_1_243' title='bbox 756 1633 817 1673; x_wconf 87' lang='lat' dir='ltr'>vel</span> <span class='ocrx_word' id='word_1_244' title='bbox 838 1635 994 1676; x_wconf 82' lang='lat' dir='ltr'>animali</span> <span class='ocrx_word' id='word_1_245' title='bbox 1017 1637 1132 1679; x_wconf 89' lang='lat' dir='ltr'>solito</span> <span class='ocrx_word' id='word_1_246' title='bbox 1158 1654 1268 1682; x_wconf 87' lang='lat' dir='ltr'>more</span> <span class='ocrx_word' id='word_1_247' title='bbox 1292 1643 1536 1686; x_wconf 87' lang='lat' dir='ltr'>misceantur.</span> 
     </span>
    </p>

    <p class='ocr_par' dir='ltr' id='par_1_3' title="bbox 358 1680 1933 2062">
     <span class='ocr_line' id='line_1_26' title="bbox 443 1680 1928 1753; baseline 0.019 -34"><span class='ocrx_word' id='word_1_248' title='bbox 443 1680 472 1729; x_wconf 85' lang='lat'>§.</span> <span class='ocrx_word' id='word_1_249' title='bbox 499 1690 560 1727; x_wconf 83' lang='lat'>80.</span> <span class='ocrx_word' id='word_1_250' title='bbox 594 1684 727 1735; x_wconf 87' lang='lat' dir='ltr'>Itaque</span> <span class='ocrx_word' id='word_1_251' title='bbox 741 1700 878 1737; x_wconf 88' lang='lat' dir='ltr'>aquam</span> <span class='ocrx_word' id='word_1_252' title='bbox 900 1690 1126 1741; x_wconf 85' lang='lat' dir='ltr'>glacialem,</span> <span class='ocrx_word' id='word_1_253' title='bbox 1156 1708 1293 1744; x_wconf 90' lang='lat' dir='ltr'>aquam</span> <span class='ocrx_word' id='word_1_254' title='bbox 1311 1699 1482 1746; x_wconf 65' lang='lat' dir='ltr'>coctam,</span> <span class='ocrx_word' id='word_1_255' title='bbox 1524 1702 1559 1740; x_wconf 68' lang='grc' dir='ltr'><strong>ἃ</strong></span> <span class='ocrx_word' id='word_1_256' title='bbox 1582 1715 1719 1752; x_wconf 87' lang='lat' dir='ltr'>aquam</span> <span class='ocrx_word' id='word_1_257' title='bbox 1744 1705 1928 1753; x_wconf 80' lang='lat' dir='ltr'>crudam„</span> 
     </span>
     <span class='ocr_line' id='line_1_27' title="bbox 363 1732 1932 1802; baseline 0.018 -31"><span class='ocrx_word' id='word_1_258' title='bbox 363 1732 521 1773; x_wconf 73' lang='lat' dir='ltr'>diversis</span> <span class='ocrx_word' id='word_1_259' title='bbox 553 1736 659 1777; x_wconf 86' lang='lat' dir='ltr'>vitris</span> <span class='ocrx_word' id='word_1_260' title='bbox 679 1741 957 1792; x_wconf 73' lang='lat' dir='ltr'>mundissimis,</span> <span class='ocrx_word' id='word_1_261' title='bbox 999 1744 1231 1797; x_wconf 81' lang='lat' dir='ltr'>iiccissimis,</span> <span class='ocrx_word' id='word_1_262' title='bbox 1274 1753 1411 1801; x_wconf 86' lang='lat' dir='ltr'>excepi</span> <span class='ocrx_word' id='word_1_263' title='bbox 1442 1762 1557 1802; x_wconf 84' lang='lat' dir='ltr'>atque</span> <span class='ocrx_word' id='word_1_264' title='bbox 1583 1758 1715 1796; x_wconf 86' lang='lat' dir='ltr'>omnia</span> <span class='ocrx_word' id='word_1_265' title='bbox 1741 1758 1822 1798; x_wconf 78' lang='lat' dir='ltr'>haec</span> <span class='ocrx_word' id='word_1_266' title='bbox 1842 1760 1932 1801; x_wconf 84' lang='lat' dir='ltr'>vasa</span> 
     </span>
     <span class='ocr_line' id='line_1_28' title="bbox 362 1789 1932 1862; baseline 0.018 -38"><span class='ocrx_word' id='word_1_267' title='bbox 362 1798 509 1833; x_wconf 75' lang='lat' dir='ltr'>aperta,</span> <span class='ocrx_word' id='word_1_268' title='bbox 534 1789 571 1827; x_wconf 83' lang='lat' dir='ltr'>in</span> <span class='ocrx_word' id='word_1_269' title='bbox 590 1792 729 1832; x_wconf 85' lang='lat' dir='ltr'>eodem</span> <span class='ocrx_word' id='word_1_270' title='bbox 747 1794 929 1835; x_wconf 88' lang='lat' dir='ltr'>cubiculo</span> <span class='ocrx_word' id='word_1_271' title='bbox 953 1810 1072 1848; x_wconf 83' lang='lat' dir='ltr'>prope</span> <span class='ocrx_word' id='word_1_272' title='bbox 1091 1798 1128 1839; x_wconf 89' lang='lat' dir='ltr'>se</span> <span class='ocrx_word' id='word_1_273' title='bbox 1151 1802 1325 1842; x_wconf 88' lang='lat' dir='ltr'>invicem</span> <span class='ocrx_word' id='word_1_274' title='bbox 1339 1806 1500 1854; x_wconf 81' lang='lat' dir='ltr'>reposita</span> <span class='ocrx_word' id='word_1_275' title='bbox 1514 1837 1524 1853; x_wconf 83' lang='lat'>,</span> <span class='ocrx_word' id='word_1_276' title='bbox 1538 1807 1686 1848; x_wconf 82' lang='lat' dir='ltr'>servavi</span> <span class='ocrx_word' id='word_1_277' title='bbox 1703 1824 1769 1859; x_wconf 85' lang='lat' dir='ltr'>per</span> <span class='ocrx_word' id='word_1_278' title='bbox 1781 1811 1932 1862; x_wconf 85' lang='lat' dir='ltr'>aliquot</span> 
     </span>
     <span class='ocr_line' id='line_1_29' title="bbox 362 1839 1933 1908; baseline 0.018 -31"><span class='ocrx_word' id='word_1_279' title='bbox 362 1839 458 1883; x_wconf 82' lang='lat' dir='ltr'>dies.</span> <span class='ocrx_word' id='word_1_280' title='bbox 505 1842 678 1894; x_wconf 88' lang='lat' dir='ltr'>Cumque</span> <span class='ocrx_word' id='word_1_281' title='bbox 700 1847 741 1884; x_wconf 90' lang='lat' dir='ltr'>in</span> <span class='ocrx_word' id='word_1_282' title='bbox 760 1860 856 1896; x_wconf 85' lang='lat' dir='ltr'>aqua</span> <span class='ocrx_word' id='word_1_283' title='bbox 880 1851 998 1889; x_wconf 86' lang='lat' dir='ltr'>cruda</span> <span class='ocrx_word' id='word_1_284' title='bbox 1021 1852 1295 1895; x_wconf 66' lang='lat' dir='ltr'>distinctissima</span> <span class='ocrx_word' id='word_1_285' title='bbox 1317 1859 1351 1896; x_wconf 81' lang='lat'>&amp;</span> <span class='ocrx_word' id='word_1_286' title='bbox 1375 1861 1672 1901; x_wconf 73' lang='lat' dir='ltr'>numerosissima</span> <span class='ocrx_word' id='word_1_287' title='bbox 1698 1864 1933 1908; x_wconf 77' lang='lat' dir='ltr'>animalcula</span> 
     </span>
     <span class='ocr_line' id='line_1_30' title="bbox 359 1899 1931 1969; baseline 0.018 -38"><span class='ocrx_word' id='word_1_288' title='bbox 359 1905 643 1944; x_wconf 79' lang='lat' dir='ltr'>apparuerunt,</span> <span class='ocrx_word' id='word_1_289' title='bbox 673 1899 710 1937; x_wconf 88' lang='lat' dir='ltr'>in</span> <span class='ocrx_word' id='word_1_290' title='bbox 728 1900 884 1950; x_wconf 77' lang='lat' dir='ltr'>reliquis</span> <span class='ocrx_word' id='word_1_291' title='bbox 906 1916 1060 1954; x_wconf 88' lang='lat' dir='ltr'>quoque</span> <span class='ocrx_word' id='word_1_292' title='bbox 1081 1907 1191 1946; x_wconf 83' lang='lat' dir='ltr'>vitris</span> <span class='ocrx_word' id='word_1_293' title='bbox 1217 1923 1332 1959; x_wconf 87' lang='lat' dir='ltr'>aquas</span> <span class='ocrx_word' id='word_1_294' title='bbox 1347 1913 1589 1955; x_wconf 84' lang='lat' dir='ltr'>examinavi:</span> <span class='ocrx_word' id='word_1_295' title='bbox 1622 1915 1685 1956; x_wconf 89' lang='lat' dir='ltr'>sed</span> <span class='ocrx_word' id='word_1_296' title='bbox 1700 1918 1801 1957; x_wconf 80' lang='lat' dir='ltr'>nulla</span> <span class='ocrx_word' id='word_1_297' title='bbox 1816 1920 1931 1969; x_wconf 85' lang='lat' dir='ltr'>plane</span> 
     </span>
     <span class='ocr_line' id='line_1_31' title="bbox 359 1946 1933 2021; baseline 0.019 -37"><span class='ocrx_word' id='word_1_298' title='bbox 359 1946 400 1984; x_wconf 89' lang='lat' dir='ltr'>in</span> <span class='ocrx_word' id='word_1_299' title='bbox 429 1947 506 1987; x_wconf 87' lang='lat' dir='ltr'>illis</span> <span class='ocrx_word' id='word_1_300' title='bbox 532 1950 765 1992; x_wconf 86' lang='lat' dir='ltr'>animalcula</span> <span class='ocrx_word' id='word_1_301' title='bbox 790 1956 898 2004; x_wconf 87' lang='lat' dir='ltr'>potui</span> <span class='ocrx_word' id='word_1_302' title='bbox 930 1959 1109 2007; x_wconf 87' lang='lat' dir='ltr'>reperire.</span> <span class='ocrx_word' id='word_1_303' title='bbox 1168 1962 1252 2012; x_wconf 88' lang='lat' dir='ltr'>lpse</span> <span class='ocrx_word' id='word_1_304' title='bbox 1283 1964 1519 2006; x_wconf 76' lang='lat' dir='ltr'>NEEDHAM</span> <span class='ocrx_word' id='word_1_305' title='bbox 1547 1969 1588 2007; x_wconf 87' lang='lat' dir='ltr'>in</span> <span class='ocrx_word' id='word_1_306' title='bbox 1615 1983 1713 2021; x_wconf 87' lang='lat' dir='ltr'>aqua</span> <span class='ocrx_word' id='word_1_307' title='bbox 1740 1972 1841 2012; x_wconf 82' lang='lat' dir='ltr'>bene</span> <span class='ocrx_word' id='word_1_308' title='bbox 1863 1973 1933 2013; x_wconf 89' lang='lat' dir='ltr'>de-</span> 
     </span>
     <span class='ocr_line' id='line_1_32' title="bbox 358 1999 1170 2062; baseline 0.02 -24"><span class='ocrx_word' id='word_1_309' title='bbox 358 1999 493 2041; x_wconf 70' lang='lat' dir='ltr'>stillata</span> <span class='ocrx_word' id='word_1_310' title='bbox 517 2007 690 2052; x_wconf 80' lang='lat' dir='ltr'>generari</span> <span class='ocrx_word' id='word_1_311' title='bbox 716 2008 947 2048; x_wconf 86' lang='lat' dir='ltr'>animalcula</span> <span class='ocrx_word' id='word_1_312' title='bbox 971 2022 1087 2062; x_wconf 86' lang='lat' dir='ltr'>negat</span> <span class='ocrx_word' id='word_1_313' title='bbox 1111 2014 1170 2060; x_wconf 80' lang='lat' dir='ltr'>u).</span> 
     </span>
    </p>

    <p class='ocr_par' dir='ltr' id='par_1_4' title="bbox 355 2054 1930 2432">
     <span class='ocr_line' id='line_1_33' title="bbox 439 2054 1930 2124; baseline 0.017 -30"><span class='ocrx_word' id='word_1_314' title='bbox 439 2054 454 2103; x_wconf 87' lang='lat'><em>§</em></span> <span class='ocrx_word' id='word_1_315' title='bbox 493 2064 555 2101; x_wconf 83' lang='lat'>81.</span> <span class='ocrx_word' id='word_1_316' title='bbox 583 2058 683 2098; x_wconf 89' lang='lat' dir='ltr'>Turn</span> <span class='ocrx_word' id='word_1_317' title='bbox 708 2062 870 2101; x_wconf 85' lang='lat' dir='ltr'>eandem</span> <span class='ocrx_word' id='word_1_318' title='bbox 890 2076 1027 2113; x_wconf 87' lang='lat' dir='ltr'>aquam</span> <span class='ocrx_word' id='word_1_319' title='bbox 1053 2070 1229 2116; x_wconf 62' lang='lat' dir='ltr'>coctam,</span> <span class='ocrx_word' id='word_1_320' title='bbox 1262 2070 1302 2109; x_wconf 85' lang='lat' dir='ltr'>in</span> <span class='ocrx_word' id='word_1_321' title='bbox 1322 2084 1394 2121; x_wconf 84' lang='lat' dir='ltr'>qua</span> <span class='ocrx_word' id='word_1_322' title='bbox 1420 2071 1619 2124; x_wconf 86' lang='lat' dir='ltr'>hucusque</span> <span class='ocrx_word' id='word_1_323' title='bbox 1641 2075 1746 2116; x_wconf 85' lang='lat' dir='ltr'>nulla</span> <span class='ocrx_word' id='word_1_324' title='bbox 1768 2079 1930 2119; x_wconf 82' lang='lat' dir='ltr'>animal-</span> 
     </span>
     <span class='ocr_line' id='line_1_34' title="bbox 359 2106 1927 2181; baseline 0.017 -36"><span class='ocrx_word' id='word_1_325' title='bbox 359 2106 445 2147; x_wconf 85' lang='lat' dir='ltr'>cula</span> <span class='ocrx_word' id='word_1_326' title='bbox 467 2122 726 2159; x_wconf 84' lang='lat' dir='ltr'>apparuerunt</span> <span class='ocrx_word' id='word_1_327' title='bbox 739 2143 749 2162; x_wconf 92' lang='lat'><strong>‚</strong></span> <span class='ocrx_word' id='word_1_328' title='bbox 781 2115 933 2155; x_wconf 84' lang='lat' dir='ltr'>duobus</span> <span class='ocrx_word' id='word_1_329' title='bbox 949 2119 1057 2158; x_wconf 87' lang='lat' dir='ltr'>vitris</span> <span class='ocrx_word' id='word_1_330' title='bbox 1076 2120 1280 2162; x_wconf 82' lang='lat' dir='ltr'>siccislimis</span> <span class='ocrx_word' id='word_1_331' title='bbox 1296 2154 1306 2170; x_wconf 78' lang='grc'><em>,</em></span> <span class='ocrx_word' id='word_1_332' title='bbox 1328 2126 1582 2166; x_wconf 74' lang='lat' dir='ltr'>mundissimis</span> <span class='ocrx_word' id='word_1_333' title='bbox 1594 2131 1745 2180; x_wconf 76' lang='lat' dir='ltr'>excepi,</span> <span class='ocrx_word' id='word_1_334' title='bbox 1762 2145 1927 2181; x_wconf 87' lang='lat' dir='ltr'>quorum</span> 
     </span>
     <span class='ocr_line' id='line_1_35' title="bbox 357 2162 1926 2235; baseline 0.015 -35"><span class='ocrx_word' id='word_1_335' title='bbox 357 2162 425 2200; x_wconf 91' lang='lat' dir='ltr'>uni</span> <span class='ocrx_word' id='word_1_336' title='bbox 444 2162 578 2202; x_wconf 88' lang='lat' dir='ltr'>adfudi</span> <span class='ocrx_word' id='word_1_337' title='bbox 601 2178 737 2214; x_wconf 82' lang='lat' dir='ltr'>aquam</span> <span class='ocrx_word' id='word_1_338' title='bbox 760 2169 932 2211; x_wconf 80' lang='lat' dir='ltr'>crudam.</span> <span class='ocrx_word' id='word_1_339' title='bbox 968 2172 1183 2224; x_wconf 87' lang='lat' dir='ltr'>Utrumque</span> <span class='ocrx_word' id='word_1_340' title='bbox 1207 2177 1333 2216; x_wconf 83' lang='lat' dir='ltr'>rursus</span> <span class='ocrx_word' id='word_1_341' title='bbox 1358 2182 1396 2219; x_wconf 87' lang='lat' dir='ltr'>in</span> <span class='ocrx_word' id='word_1_342' title='bbox 1411 2180 1550 2220; x_wconf 84' lang='lat' dir='ltr'>eodem</span> <span class='ocrx_word' id='word_1_343' title='bbox 1568 2182 1750 2223; x_wconf 87' lang='lat' dir='ltr'>cubiculo</span> <span class='ocrx_word' id='word_1_344' title='bbox 1775 2185 1926 2235; x_wconf 85' lang='lat' dir='ltr'>reliqui.</span> 
     </span>
     <span class='ocr_line' id='line_1_36' title="bbox 359 2215 1930 2281; baseline 0.016 -27"><span class='ocrx_word' id='word_1_345' title='bbox 359 2215 451 2255; x_wconf 86' lang='lat' dir='ltr'>Non</span> <span class='ocrx_word' id='word_1_346' title='bbox 467 2215 573 2255; x_wconf 79' lang='lat' dir='ltr'>brevi</span> <span class='ocrx_word' id='word_1_347' title='bbox 599 2221 785 2269; x_wconf 87' lang='lat' dir='ltr'>temporis</span> <span class='ocrx_word' id='word_1_348' title='bbox 811 2221 933 2271; x_wconf 85' lang='lat' dir='ltr'>spatio</span> <span class='ocrx_word' id='word_1_349' title='bbox 958 2224 1111 2275; x_wconf 72' lang='lat' dir='ltr'>elapso,</span> <span class='ocrx_word' id='word_1_350' title='bbox 1147 2238 1354 2280; x_wconf 83' lang='lat' dir='ltr'>utrumque</span> <span class='ocrx_word' id='word_1_351' title='bbox 1375 2231 1564 2281; x_wconf 85' lang='lat' dir='ltr'>liquorem</span> <span class='ocrx_word' id='word_1_352' title='bbox 1592 2237 1761 2276; x_wconf 77' lang='lat' dir='ltr'>examini</span> <span class='ocrx_word' id='word_1_353' title='bbox 1788 2240 1930 2278; x_wconf 88' lang='lat' dir='ltr'>micro-</span> 
     </span>
     <span class='ocr_line' id='line_1_37' title="bbox 357 2267 1922 2341; baseline 0.017 -35"><span class='ocrx_word' id='word_1_354' title='bbox 357 2267 515 2317; x_wconf 86' lang='lat' dir='ltr'>scopico</span> <span class='ocrx_word' id='word_1_355' title='bbox 530 2270 701 2319; x_wconf 78' lang='lat' dir='ltr'>subjeci,</span> <span class='ocrx_word' id='word_1_356' title='bbox 726 2275 759 2313; x_wconf 82' lang='lat'>&amp;</span> <span class='ocrx_word' id='word_1_357' title='bbox 775 2274 814 2313; x_wconf 88' lang='lat' dir='ltr'>in</span> <span class='ocrx_word' id='word_1_358' title='bbox 838 2276 966 2324; x_wconf 76' lang='lat' dir='ltr'>vitro,</span> <span class='ocrx_word' id='word_1_359' title='bbox 994 2281 1056 2318; x_wconf 90' lang='lat' dir='ltr'>cui</span> <span class='ocrx_word' id='word_1_360' title='bbox 1070 2280 1202 2320; x_wconf 83' lang='lat' dir='ltr'>adfusa</span> <span class='ocrx_word' id='word_1_361' title='bbox 1226 2282 1300 2322; x_wconf 87' lang='lat' dir='ltr'>fuit</span> <span class='ocrx_word' id='word_1_362' title='bbox 1317 2297 1414 2334; x_wconf 87' lang='lat' dir='ltr'>aqua</span> <span class='ocrx_word' id='word_1_363' title='bbox 1438 2287 1571 2333; x_wconf 83' lang='lat' dir='ltr'>cruda,</span> <span class='ocrx_word' id='word_1_364' title='bbox 1594 2301 1713 2338; x_wconf 82' lang='lat' dir='ltr'>pauca</span> <span class='ocrx_word' id='word_1_365' title='bbox 1740 2292 1922 2341; x_wconf 85' lang='lat' dir='ltr'>quidem,</span> 
     </span>
     <span class='ocr_line' id='line_1_38' title="bbox 356 2321 1927 2395; baseline 0.017 -36"><span class='ocrx_word' id='word_1_366' title='bbox 356 2321 421 2359; x_wconf 87' lang='lat' dir='ltr'>sed</span> <span class='ocrx_word' id='word_1_367' title='bbox 444 2323 483 2360; x_wconf 90' lang='lat' dir='ltr'>in</span> <span class='ocrx_word' id='word_1_368' title='bbox 507 2323 629 2363; x_wconf 86' lang='lat' dir='ltr'>altero</span> <span class='ocrx_word' id='word_1_369' title='bbox 655 2325 769 2374; x_wconf 83' lang='lat' dir='ltr'>plane</span> <span class='ocrx_word' id='word_1_370' title='bbox 795 2328 898 2367; x_wconf 86' lang='lat' dir='ltr'>nulla</span> <span class='ocrx_word' id='word_1_371' title='bbox 920 2332 1152 2373; x_wconf 77' lang='lat' dir='ltr'>animalcula</span> <span class='ocrx_word' id='word_1_372' title='bbox 1175 2336 1268 2375; x_wconf 90' lang='lat' dir='ltr'>vidi.</span> <span class='ocrx_word' id='word_1_373' title='bbox 1306 2338 1440 2377; x_wconf 81' lang='lat' dir='ltr'>Simile</span> <span class='ocrx_word' id='word_1_374' title='bbox 1454 2348 1654 2389; x_wconf 76' lang='lat' dir='ltr'>tentamen</span> <span class='ocrx_word' id='word_1_375' title='bbox 1668 2343 1771 2383; x_wconf 87' lang='lat' dir='ltr'>eirca</span> <span class='ocrx_word' id='word_1_376' title='bbox 1785 2357 1927 2395; x_wconf 85' lang='lat' dir='ltr'>aquam</span> 
     </span>
     <span class='ocr_line' id='line_1_39' title="bbox 355 2375 1504 2432; baseline 0.017 -21"><span class='ocrx_word' id='word_1_377' title='bbox 355 2375 556 2425; x_wconf 84' lang='lat' dir='ltr'>glacialem</span> <span class='ocrx_word' id='word_1_378' title='bbox 575 2378 744 2424; x_wconf 74' lang='lat' dir='ltr'>institui.</span> <span class='ocrx_word' id='word_1_379' title='bbox 778 2382 811 2420; x_wconf 70' lang='lat' dir='ltr'>Sc</span> <span class='ocrx_word' id='word_1_380' title='bbox 833 2382 951 2422; x_wconf 82' lang='lat' dir='ltr'>limile</span> <span class='ocrx_word' id='word_1_381' title='bbox 977 2385 1264 2432; x_wconf 77' lang='lat' dir='ltr'>phaenomenon</span> <span class='ocrx_word' id='word_1_382' title='bbox 1299 2390 1504 2431; x_wconf 79' lang='lat' dir='ltr'>observavi</span> 
     </span>
    </p>
   </div>
   <div class='ocr_carea' id='block_1_3' title="bbox 436 2429 1922 2501">
    <p class='ocr_par' dir='ltr' id='par_1_5' title="bbox 436 2429 1922 2501">
     <span class='ocr_line' id='line_1_40' title="bbox 436 2429 1922 2501; baseline 0.015 -33"><span class='ocrx_word' id='word_1_383' title='bbox 436 2429 464 2478; x_wconf 88' lang='lat'>§.</span> <span class='ocrx_word' id='word_1_384' title='bbox 494 2438 554 2474; x_wconf 82' lang='lat'>82.</span> <span class='ocrx_word' id='word_1_385' title='bbox 582 2431 681 2471; x_wconf 85' lang='lat' dir='ltr'>Dein</span> <span class='ocrx_word' id='word_1_386' title='bbox 703 2447 839 2482; x_wconf 84' lang='lat' dir='ltr'>aquam</span> <span class='ocrx_word' id='word_1_387' title='bbox 863 2436 1079 2487; x_wconf 83' lang='lat' dir='ltr'>glacialem,</span> <span class='ocrx_word' id='word_1_388' title='bbox 1092 2453 1227 2490; x_wconf 88' lang='lat' dir='ltr'>aquam</span> <span class='ocrx_word' id='word_1_389' title='bbox 1242 2446 1391 2484; x_wconf 63' lang='lat' dir='ltr'>coctam</span> <span class='ocrx_word' id='word_1_390' title='bbox 1407 2475 1418 2494; x_wconf 79' lang='lat'>,</span> <span class='ocrx_word' id='word_1_391' title='bbox 1438 2445 1922 2501; x_wconf 72' lang='lat' dir='ltr'>sediterumfrigefac‘tam,</span> 
     </span>
    </p>
   </div>
   <div class='ocr_carea' id='block_1_4' title="bbox 361 2501 1917 2539">
    <p class='ocr_par' dir='ltr' id='par_1_6' title="bbox 361 2501 1917 2539">
     <span class='ocr_line' id='line_1_41' title="bbox 361 2501 1917 2539; baseline 0.023 -35"><span class='ocrx_word' id='word_1_392' title='bbox 361 2501 1917 2539; x_wconf 60' lang='lat'>-——-——-—.-.—————-—-——-..</span> 
     </span>
    </p>
   </div>
   <div class='ocr_carea' id='block_1_5' title="bbox 370 2522 1594 2633">
    <p class='ocr_par' dir='ltr' id='par_1_7' title="bbox 370 2522 1594 2633">
     <span class='ocr_line' id='line_1_42' title="bbox 370 2522 1594 2591; baseline 0.02 -33"><span class='ocrx_word' id='word_1_393' title='bbox 370 2522 413 2570; x_wconf 81' lang='lat' dir='ltr'>p)</span> <span class='ocrx_word' id='word_1_394' title='bbox 446 2527 498 2560; x_wconf 79' lang='lat' dir='ltr'>De</span> <span class='ocrx_word' id='word_1_395' title='bbox 514 2535 603 2562; x_wconf 79' lang='lat' dir='ltr'>motu</span> <span class='ocrx_word' id='word_1_396' title='bbox 621 2531 738 2566; x_wconf 78' lang='lat' dir='ltr'>cordis.</span> <span class='ocrx_word' id='word_1_397' title='bbox 1185 2540 1219 2583; x_wconf 89' lang='lat' dir='ltr'>r)</span> <span class='ocrx_word' id='word_1_398' title='bbox 1246 2541 1309 2576; x_wconf 89' lang='lat' dir='ltr'>lib.</span> <span class='ocrx_word' id='word_1_399' title='bbox 1335 2545 1395 2578; x_wconf 87' lang='lat' dir='ltr'>cit.</span> <span class='ocrx_word' id='word_1_400' title='bbox 1421 2557 1499 2590; x_wconf 78' lang='lat' dir='ltr'>pag.</span> <span class='ocrx_word' id='word_1_401' title='bbox 1522 2559 1594 2591; x_wconf 84' lang='lat'>119.</span> 
     </span>
     <span class='ocr_line' id='line_1_43' title="bbox 379 2572 1526 2633; baseline 0.02 -29"><span class='ocrx_word' id='word_1_402' title='bbox 379 2572 413 2613; x_wconf 82' lang='lat' dir='ltr'>q)</span> <span class='ocrx_word' id='word_1_403' title='bbox 436 2572 486 2606; x_wconf 89' lang='lat' dir='ltr'>De</span> <span class='ocrx_word' id='word_1_404' title='bbox 499 2573 699 2610; x_wconf 86' lang='lat' dir='ltr'>Belliniano</span> <span class='ocrx_word' id='word_1_405' title='bbox 714 2579 932 2622; x_wconf 82' lang='lat' dir='ltr'>problemate</span> <span class='ocrx_word' id='word_1_406' title='bbox 945 2584 1038 2619; x_wconf 85' lang='lat' dir='ltr'>circa</span> <span class='ocrx_word' id='word_1_407' title='bbox 1050 2585 1108 2619; x_wconf 87' lang='lat' dir='ltr'>ovi</span> <span class='ocrx_word' id='word_1_408' title='bbox 1185 2586 1215 2629; x_wconf 92' lang='lat' dir='ltr'>s)</span> <span class='ocrx_word' id='word_1_409' title='bbox 1241 2587 1326 2622; x_wconf 77' lang='lat' dir='ltr'>ibid.</span> <span class='ocrx_word' id='word_1_410' title='bbox 1350 2601 1429 2633; x_wconf 81' lang='lat' dir='ltr'>pag.</span> <span class='ocrx_word' id='word_1_411' title='bbox 1451 2599 1526 2630; x_wconf 88' lang='lat'>118.</span> 
     </span>
    </p>
   </div>
   <div class='ocr_carea' id='block_1_6' title="bbox 358 2615 1659 2769">
    <p class='ocr_par' dir='ltr' id='par_1_8' title="bbox 358 2615 1659 2769">
     <span class='ocr_line' id='line_1_44' title="bbox 358 2615 1523 2679; baseline 0.02 -31"><span class='ocrx_word' id='word_1_412' title='bbox 358 2615 609 2655; x_wconf 78' lang='lat' dir='ltr'>cicatriculam.</span> <span class='ocrx_word' id='word_1_413' title='bbox 642 2623 761 2658; x_wconf 86' lang='lat' dir='ltr'>Comm.</span> <span class='ocrx_word' id='word_1_414' title='bbox 796 2626 989 2669; x_wconf 74' lang='lat' dir='ltr'>Bononiens.</span> <span class='ocrx_word' id='word_1_415' title='bbox 1012 2631 1057 2665; x_wconf 88' lang='lat' dir='ltr'>T.</span> <span class='ocrx_word' id='word_1_416' title='bbox 1072 2642 1103 2666; x_wconf 92' lang='lat'>2.</span> <span class='ocrx_word' id='word_1_417' title='bbox 1186 2630 1219 2676; x_wconf 84' lang='lat' dir='ltr'>t)</span> <span class='ocrx_word' id='word_1_418' title='bbox 1245 2633 1331 2667; x_wconf 83' lang='lat' dir='ltr'>ibid.</span> <span class='ocrx_word' id='word_1_419' title='bbox 1351 2646 1430 2679; x_wconf 82' lang='lat' dir='ltr'>pag.</span> <span class='ocrx_word' id='word_1_420' title='bbox 1448 2647 1523 2679; x_wconf 85' lang='lat'>1¹9·</span> 
     </span>
     <span class='ocr_line' id='line_1_45' title="bbox 358 2670 1659 2769; baseline 0.021 -75"><span class='ocrx_word' id='word_1_421' title='bbox 358 2671 431 2705; x_wconf 79' lang='lat' dir='ltr'>par.</span> <span class='ocrx_word' id='word_1_422' title='bbox 453 2672 482 2698; x_wconf 83' lang='lat'>1.</span> <span class='ocrx_word' id='word_1_423' title='bbox 511 2673 588 2708; x_wconf 83' lang='lat' dir='ltr'>pag.</span> <span class='ocrx_word' id='word_1_424' title='bbox 620 2673 672 2711; x_wconf 82' lang='lat'>85.</span> <span class='ocrx_word' id='word_1_425' title='bbox 699 2670 876 2718; x_wconf 43' lang='lat' dir='ltr'>&amp;pana</span> <span class='ocrx_word' id='word_1_426' title='bbox 897 2686 975 2720; x_wconf 83' lang='lat' dir='ltr'>pag.</span> <span class='ocrx_word' id='word_1_427' title='bbox 993 2679 1070 2720; x_wconf 72' lang='lat'>369.</span> <span class='ocrx_word' id='word_1_428' title='bbox 1187 2677 1224 2722; x_wconf 87' lang='lat' dir='ltr'>u)</span> <span class='ocrx_word' id='word_1_429' title='bbox 1251 2678 1313 2715; x_wconf 88' lang='lat' dir='ltr'>lib.</span> <span class='ocrx_word' id='word_1_430' title='bbox 1340 2681 1405 2769; x_wconf 66' lang='grc' dir='ltr'>«3ἰὲ</span> <span class='ocrx_word' id='word_1_431' title='bbox 1433 2694 1511 2728; x_wconf 83' lang='lat' dir='ltr'>pag.</span> <span class='ocrx_word' id='word_1_432' title='bbox 1538 2691 1614 2727; x_wconf 82' lang='lat'>178.</span> <span class='ocrx_word' id='word_1_433' title='bbox 1640 2686 1659 2728; x_wconf 64' lang='lat'>⁸}</span> 
     </span>
    </p>
   </div>
  </div>
 </body>
</html>
