2444 3654
861 284 937 361 aa}
1011 303 1076 359 41
1158 285 1234 363 {i}

260 415 461 467 peretur,
531 413 649 469 Qae
666 408 822 458 avium
838 413 1049 460 recondit
1064 414 1156 462 alas
1172 415 1269 465 suas
1280 419 1508 481 vaginulis
1516 420 1633 471 ‘adeo
1648 424 1825 489 elegan:

229 524 235 527 ὓ
260 474 410 528 tibus,
437 487 491 523 ut
512 475 739 522 cantharis
757 511 770 530 ‚
791 488 871 524 aut
889 478 1002 525 adeo
1021 480 1207 529 delicate
1231 486 1495 546 complicat,
1516 500 1567 536 ut
1578 489 1824 542 forficula?

257 540 435 588 Videfis
463 542 732 588 structuram
765 546 808 591 δι
840 543 1255 596 conformationem
1291 552 1486 599 aliorum
1531 554 1822 608 insectorum.

256 609 410 664 Qam
429 607 671 655 artificiose
698 605 802 656 sunt
827 610 1095 670 compofita!
1131 631 1265 674 quam
1287 620 1444 665 multis
1468 621 1672 670 millibus
1694 640 1822 671 cana-

254 673 368 718 lium
394 674 436 719 &
453 685 686 719 meatuum
704 676 945 721 adornata!
980 688 1032 723 ut
1056 678 1523 732 Mechanicusnullus
1537 722 1548 739 ,
1563 687 1820 746 perfeciiffi-

251 753 353 784 mus
375 739 481 785 licet
496 741 783 794 mortalium,
811 738 1030 787 fabricam
1058 741 1177 790 hanc
1197 745 1489 804 perscrutari,
1524 753 1694 800 nedum
1720 758 1822 802 imi.

248 806 366 858 tari,
408 816 556 864 queat.
607 807 654 853 Si
670 806 823 867 itaque
838 822 977 866 parva
1002 805 1099 855 haec
1118 812 1386 858 animalcula
1409 812 1603 862 fortuito
1632 835 1687 864 ex
1713 836 1823 867 con-

245 866 343 915 fusa
365 870 603 917 brutarum
629 872 956 931 particularum
984 877 1312 922 commixtione
1346 875 1577 927 efformari
1607 882 1787 942 poffunt
1804 903 1819 933 :

246 950 327 982 cur
349 952 445 982 non
461 939 599 984 etiam
613 937 872 998 elephantes
892 973 905 993 ,
943 940 1125 987 balaenae
1150 943 1192 988 ἃ
1208 941 1486 991 struthiones
1504 946 1524 993 ἲ
1567 948 1621 994 In
1639 952 1816 1011 magnis

245 1004 370 1048 enim
396 1003 693 1063 corporibus,
719 1017 772 1051 ut
789 1021 893 1051 cum
918 1005 1103 1054 PL1N10
1131 1008 1403 1069 loquamur,
1441 1009 1618 1059 facilior
1632 1013 1819 1064 officina

244 1065 423 1128 sequaci
447 1072 633 1116 materia
655 1067 746 1117 fuit
768 1088 778 1115 :
832 1071 881 1116 in
908 1070 1088 1118 insectis
1112 1087 1223 1119 vero
1252 1086 1342 1120 tam
1371 1079 1523 1134 parvis
1556 1090 1692 1138 atque
1727 1091 1821 1129 tam

242 1133 383 1180 nullis
408 1151 508 1194 quae
538 1137 681 1192 ratio,
718 1146 888 1197 quanta
906 1138 1003 1189 vis,
1042 1153 1179 1197 quam
1205 1140 1536 1188 inextricabilis
1566 1143 1783 1202 perfectio
1800 1165 1818 1200 ;

242 1215 346 1257 cum
367 1215 520 1247 rerum
547 1213 709 1247 natura
733 1217 971 1262 nunquam
997 1206 1168 1264 magiS‚
1208 1221 1343 1265 quam
1374 1209 1423 1252 in
1448 1209 1651 1256 minimis
1668 1243 1680 1262 ‚
1718 1222 1817 1259 tota

242 1262 362 1312 fuit!
404 1267 570 1327 Neque
586 1266 749 1314 insecta
765 1284 843 1328 per
864 1270 1204 1328 generationem
1223 1274 1507 1332 aequivocam
1522 1308 1534 1326 ,
1561 1288 1614 1322 ut
1629 1275 1815 1325 credula

240 1331 437 1378 vetustas
462 1332 835 1392 persuadebatur,
871 1334 1092 1393 produci,
1141 1337 1414 1384 concludere
1442 1339 1546 1385 licet
1570 1357 1652 1398 eo,
1687 1342 1815 1403 quod

240 1406 297 1442 e'x
312 1395 555 1444 substantia
580 1400 764 1446 animali
789 1400 864 1444 vel
893 1399 1139 1460 vegetabili
1161 1400 1442 1460 putrescente
1468 1421 1516 1449 ea
1537 1407 1719 1465 prodire
1745 1411 1815 1456 vi-

240 1461 440 1509 deamus.
492 1466 603 1511 Haec
630 1467 754 1511 enim
778 1467 1047 1512 animalcula
1073 1464 1237 1514 foetore
1262 1470 1620 1528 putrescentium
1648 1490 1812 1534 corpo..

238 1543 342 1575 rum
364 1530 633 1578 alliciuntur
659 1533 700 1577 Sc
732 1530 796 1576 ibi
830 1547 917 1577 ova
950 1529 1025 1578 sua
1051 1531 1319 1592 deponunt3
1354 1547 1407 1581 ut
1438 1535 1548 1582 adeo
1573 1541 1778 1586 carnium
1797 1573 1810 1593 ‚

236 1592 480 1642 herbarum
497 1630 509 1649 ‚
547 1599 830 1656 aliarumque
854 1612 1008 1643 reruni
1028 1597 1382 1658 putrescentium
1399 1604 1438 1648 &
1453 1602 1814 1662 putrefactarum

237 1662 287 1706 in
309 1664 604 1722 generatione
628 1662 901 1710 insectorum
927 1680 1023 1709 non
1053 1666 1151 1711 aliae
1183 1664 1268 1711 fint
1293 1680 1467 1726 partes,
1498 1685 1582 1714 nec
1604 1670 1727 1717 aliud
1742 1671 1815 1718 of.

235 1725 391 1774 ficium
412 1766 425 1785 ,
459 1745 595 1788 quam
621 1741 673 1775 ut
694 1729 846 1775 locum
872 1730 943 1776 vel
966 1729 1124 1777 nidum
1148 1733 1439 1780 commodum
1466 1735 1722 1793 praebeant,
1760 1740 1811 1785 in

237 1808 372 1852 quem
398 1793 451 1838 ab
469 1795 750 1849 ¹animalibus
770 1797 843 1840 vel
868 1798 1086 1855 viviparis
1101 1799 1337 1844 vermiculi
1354 1833 1365 1851 ,
1403 1801 1472 1846 vel
1497 1803 1696 1860 oviparis
1721 1819 1809 1850 ova

233 1857 520 1913 deferantur,
580 1862 660 1920 qui
695 1877 897 1910 vermes,
940 1861 1091 1908 statlm
1118 1875 1171 1909 ut
1202 1866 1296 1909 nati
1323 1863 1454 1918 sunt,
1506 1868 1555 1912 in
1580 1865 1668 1912 hoc
1696 1869 1808 1915 nido

231 1925 501 1971 alimentum
521 1924 748 1973 sufficiens
775 1929 814 1974 ἆ
840 1929 1088 1974 nutritioni
1115 1929 1524 1977 commodissimum
1548 1935 1805 1982 inveniant.

230 1993 423 2051 Stapelia
447 1995 702 2053 variegata,
729 2010 829 2053 quae
854 1993 1036 2048 florem,
1079 1995 1295 2041 cadavere
1318 1999 1511 2043 omnino
1539 1995 1806 2058 foetentem,

223 2056 403 2118 *profert
419 2093 430 2111 ‚
468 2057 596 2104 facile
614 2061 873 2105 carnivoras
897 2059 1066 2120 decipit
1088 2059 1259 2107 muscas
1281 2095 1293 2114 ‚
1342 2078 1442 2122 quac
1472 2077 1620 2110 totum
1647 2064 1805 2113 floscu-

229 2125 323 2170 lum
353 2127 454 2171 ovis
478 2125 705 2185 implent,
745 2125 942 2172 eundem
972 2143 1056 2186 pro
1082 2125 1364 2187 putrescente
1394 2144 1525 2175 carne
1559 2129 1798 2177 habentes.

230 2191 307 2238 LE
325 2207 390 2240 Eu
410 2205 459 2239 W
478 2205 503 2237 Ε
520 2206 551 2239 N
573 2207 606 2238 H
623 2205 669 2236 (Ε
689 2205 722 2237 K
760 2188 870 2236 casei
906 2195 1170 2239 vermiculis
1208 2192 1363 2252 positis
1398 2196 1447 2240 in
1476 2194 1657 2243 vasculo
1683 2198 1805 2244 clau-

224 2255 298 2309 so,
349 2259 468 2303 intra
504 2256 642 2303 breve
668 2269 846 2316 tempus
874 2257 940 2302 ibi
969 2257 1139 2304 muscas
1169 2260 1336 2318 reperit
1371 2272 1525 2319 putres
1544 2295 1557 2315 ‚
1615 2279 1715 2322 quae
1751 2266 1803 2310 in

228 2321 338 2368 casei
363 2322 490 2370 rimis
510 2341 597 2370 <wa
618 2323 844 2382 deponere
859 2321 1005 2370 solent
1020 2324 1086 2379 h).
1160 2325 1294 2371 REDI
1315 2338 1541 2372 recentem
1558 2343 1734 2373 carnem
1751 2330 1803 2374 in

225 2389 352 2446 plura
377 2388 582 2448 deposuit
608 2393 757 2441 vitra5
794 2405 993 2448 quorum
1012 2391 1097 2435 alia
1120 2402 1271 2450 aperta
1299 2391 1488 2450 reliquit
1504 2427 1515 2445 ,
1549 2393 1634 2438 alia
1651 2391 1804 2440 charta

227 2455 268 2498 ἃ
288 2454 494 2502 funiculo
526 2455 713 2502 occlusit
745 2457 785 2500 &
820 2457 993 2515 optime
1029 2456 1288 2509 obturavit,
1322 2457 1406 2502 alia
1434 2457 1631 2518 denique
1658 2459 1802 2505 linteo

223 2520 481 2583 tenuiffimo
505 2525 638 2575 texit.
701 2519 861 2582 Elapso
882 2523 1039 2583 aliquo
1066 2534 1438 2635 temporcharnes
1451 2522 1664 2590 vasorum
1679 2540 1803 2585 aper-

246 2645 391 2658 -m-cm
402 2647 407 2652 v

308 2675 345 2721 lv)
371 2675 433 2712 lib.
465 2677 524 2713 eit.
546 2688 624 2723 pag.
647 2686 734 2721 280.
