2444 3654
1189 300 1414 377 (3214
1486 299 1566 376 ῶ-

591 442 792 495 parente.
845 431 957 478 Haec
981 427 1109 482 vidi,
1146 441 1451 492 praetereaque
1480 430 1598 477 nihil
1623 428 1875 491 quidquam
1894 427 2036 477 simile
2055 445 2162 477 cota

587 498 802 562 pustulis,
821 500 946 559 prius
970 495 1093 550 vifis,
1120 495 1229 542 vidi.

685 570 727 618 §.
766 574 810 612 6.
843 563 1019 611 Claudo
1040 577 1199 609 omnes
1226 562 1425 609 cubiculi
1443 559 1656 609 fenestras
1675 598 1687 616 ‚
1721 560 1921 623 ipsasque
1950 561 2165 623 undique-

585 629 724 688 fotes.
766 627 1121 690 Microscopium
1139 627 1301 676 mensae
1325 627 1518 676 firmiter
1544 628 1749 676 stabilitae
1775 645 1923 690 neque
1946 629 2040 676 ullo
2061 644 2158 673 mo-

587 697 649 743 do
675 696 906 743 vacillanti
935 698 1139 756 impono.
1180 697 1412 743 Laminam
1441 697 1634 742 vitream
1662 712 1766 743 cum
1790 712 1908 741 nova
1935 708 2061 755 gutta
2077 694 2161 739 ho-

586 763 872 811 rizontaliter
897 760 1089 822 subjicio
1110 759 1232 811 foco,
1287 764 1359 809 Sic
1393 761 1609 808 omnibus
1645 764 1832 823 paratis,
1871 763 1977 808 dum
2006 762 2162 819 omnia

586 830 744 889 quieta
765 840 916 882 erant,
951 828 1105 874 nullus
1134 829 1183 873 in
1207 828 1419 874 cubiculo
1445 840 1633 879 ventus,
1666 829 1819 874 nullus
1847 827 2092 873 rhedarum
2111 829 2162 871 in

586 896 748 960 plateis
769 894 1003 954 strepitus,
1028 893 1183 940 nullus
1205 909 1526 953 campanarum
1557 893 1695 941 sonus
1728 894 2030 945 audiebatur3
2062 903 2163 952 gut-

592 957 904 1019 taminspexi,
938 963 1229 1020 animamque
1257 970 1445 1012 tenens,
1469 957 1575 1020 ipse,
1595 962 1684 1005 mei
1705 960 1836 1005 flatus
1865 976 1919 1004 ne
1938 957 2064 1004 sonet
2081 974 2163 1004 au-

586 1043 667 1086 ra,
705 1028 816 1072 cavi.
867 1023 1041 1074 Rursus
1065 1037 1217 1072 tamen
1243 1023 1415 1072 easdem
1439 1026 1712 1079 moleculas,
1748 1037 1800 1071 ut
1818 1026 1943 1085 prius
1966 1023 1994 1084 <
2007 1027 2043 1076 §.
2061 1021 2160 1083 4.).

590 1108 691 1139 non
710 1094 908 1139 tremulo
933 1090 1007 1138 sed
1042 1093 1269 1138 natatorio
1297 1104 1450 1145 motu,
1487 1108 1581 1138 non
1607 1095 1654 1137 in
1674 1107 1811 1137 unam
1837 1088 1911 1136 sed
1935 1092 1984 1136 in
2016 1090 2164 1135 diver-

589 1154 657 1204 sas
676 1159 852 1218 plagas,
902 1174 998 1204 non
1026 1156 1156 1203 fimul
1189 1173 1347 1204 omnes
1378 1156 1451 1204 sed
1483 1156 1660 1203 diverso
1688 1169 1919 1216 tempore,
1953 1153 2039 1201 sese
2067 1171 2163 1201 mo-

591 1236 753 1279 ventes
775 1224 897 1275 vidi,
934 1223 1054 1271 hisce
1081 1225 1226 1270 oculis
1258 1224 1379 1278 vidi,
1412 1226 1545 1271 etiam
1571 1235 1705 1283 atque
1730 1226 1868 1268 etiam
1885 1221 1994 1269 vidi.

693 1293 732 1342 §.
771 1304 816 1348 7.
857 1291 992 1344 Vidi,
1031 1305 1180 1350 neque
1215 1302 1369 1336 tamen
1403 1293 1465 1336 ita
1497 1288 1602 1335 vilis
1625 1291 1849 1349 acquievi.
1922 1286 2166 1333 Guttailam

593 1354 747 1401 adhuc
771 1354 935 1413 infusi,
967 1358 1086 1402 inter
1107 1356 1218 1404 duas
1243 1358 1371 1401 micae
1399 1355 1754 1402 membranaceae
1781 1355 2019 1401 laminulas
2045 1367 2169 1399 com-

594 1420 864 1482 prehensam
904 1420 1010 1468 foco
1053 1420 1362 1481 microscropii
1403 1420 1558 1467 solaris
1596 1437 1789 1480 expono,
1865 1422 1978 1468 Mox
2019 1421 2069 1464 in
2095 1434 2169 1478 pa-

596 1489 711 1532 riete
749 1488 853 1533 albo
892 1485 1392 1547 averso‘jucundiffimo
1415 1485 1664 1547 spectaculo
1689 1485 1861 1532 scenam
1893 1487 2067 1530 entium
2099 1486 2170 1529 in-

595 1551 874 1601 fusoriorum
915 1553 1073 1600 videre
1102 1565 1224 1610 erat,
1260 1571 1360 1613 quae
1386 1551 1571 1600 horsum
1592 1550 1801 1606 vorsum,
1838 1549 2010 1597 sursum
2042 1551 2170 1596 deor-

598 1617 724 1679 sum,
761 1618 1045 1666 dextrorsum
1088 1618 1386 1665 sinistrorsum
1416 1622 1556 1680 inque
1589 1621 1696 1664 alias
1731 1619 1878 1678 plagas
1911 1615 2170 1662 festivesva-

600 1686 841 1745 gabantur.
914 1690 1076 1744 Qmm
1113 1683 1284 1731 discum
1319 1685 1473 1732 album
1512 1687 1653 1745 magis
1684 1684 1755 1729 vel
1786 1686 1937 1729 minua
1960 1683 2014 1728 ab
2046 1684 2169 1742 apice

604 1756 712 1799 coni
751 1751 965 1799 luminosi
994 1751 1313 1804 removebam,
1363 1754 1504 1812 magis
1538 1752 1609 1798 vel
1647 1752 1798 1796 minus
1835 1751 1990 1801 aucta,
2030 1750 2171 1808 magis

601 1818 678 1863 vel
707 1820 859 1865 minus
890 1818 1096 1864 distincte
1131 1815 1345 1864 umbrosa
1379 1817 1549 1865 harum
1578 1817 1908 1864 molecularum
1940 1812 2171 1861 simulacra

598 1883 676 1930 vel
714 1885 881 1946 spectra
912 1883 1140 1930 videbam.

703 1955 740 2004 §.
760 1962 801 2007 8.
844 1950 1085 2001 Videbam,
1112 1951 1152 1994 Sc
1177 1947 1411 1994 multoties
1432 1945 1701 1993 visaiterum
1716 1944 1991 1991 revidcbam.
2030 1944 2171 1990 Nunc

604 2018 808 2067 interdiu
824 2016 878 2062 ad
902 2018 1048 2062 lucem
1066 2013 1195 2067 solis,
1221 2029 1345 2060 nunc
1371 2015 1509 2058 noem
1536 2012 1589 2058 ad
1618 2014 1764 2058 lucem
1789 2011 2011 2063 caudebe,
2049 2024 2173 2055 nunc

607 2082 796 2144 fimplici
820 2100 942 2130 nunc
964 2079 1212 2140 composito
1239 2077 1563 2137 microscopio‚
1600 2096 1722 2124 nunc
1752 2078 1851 2137 plus
1870 2092 1993 2123 nunc
2020 2077 2172 2120 minus

607 2161 830 2210 augente,
868 2164 992 2196 nunc
1008 2147 1227 2194 vividiori
1252 2161 1376 2192 nunc
1393 2145 1605 2190 debiliori
1623 2144 1747 2196 luce,
1763 2160 1786 2189 a
1804 2142 1982 2202 speculo
1995 2141 2174 2197 reflexa,

608 2215 813 2263 infusum
845 2231 996 2261 meum
1021 2216 1358 2263 examinabam,
1403 2212 1445 2255 &
1474 2208 1646 2268 semper
1679 2207 1837 2255 similia
1868 2207 2176 2268 phoenomena

609 2282 935 2329 observabam:
972 2278 1144 2338 semper
1176 2275 1438 2338 corpuscula
1471 2276 1658 2322 mobilia
1695 2291 1819 2321 nunc
1852 2274 2020 2332 majora
2050 2288 2176 2318 nunc

610 2352 805 2401 minora,
820 2347 971 2408 prouti
988 2347 1086 2405 plus
1103 2348 1254 2390 minus
1270 2341 1572 2401 amplificante
1585 2343 1702 2387 lente
1717 2345 2019 2390 utebannunc
2035 2340 2175 2398 magis

611 2431 738 2463 :nunc
760 2417 911 2460 minus
926 2413 1143 2461 distincte,
1162 2427 1244 2470 pro
1259 2408 1431 2455 diversa
1451 2409 1561 2453 lucis
1579 2407 1914 2458 moderatione,
1947 2404 2171 2451 videbam.

714 2484 752 2532 §.
787 2496 832 2538 9.
871 2481 998 2526 Dum
1033 2475 1167 2523 infusi
1192 2488 1365 2536 guttam
1396 2489 1474 2534 per
1510 2474 1857 2534 miicrol'copium
1878 2473 2052 2518 diutius
2072 2485 2178 2516 con—

615 2546 840 2606 templor,
877 2543 1204 2603 moleculisque
1239 2539 1396 2588 festive
1424 2539 1687 2587 ludentibus
1722 2539 1880 2586 oculos
1918 2534 2072 2597 pasco:
2121 2551 2184 2582 en·

615 2609 872 2672 majusculae
906 2627 965 2656 ex
996 2610 1085 2655 illis
1121 2612 1171 2655 in
1205 2622 1413 2667 campum
1445 2604 1732 2664 microscopii
1771 2614 1969 2651 enatant.
2055 2602 2182 2649 Tum

617 2679 846 2738 extemplo
875 2674 1175 2738 microscopio
1208 2685 1418 2726 remoto,
1450 2671 1586 2720 nudis
1607 2673 1773 2724 oculis,
1808 2669 1889 2718 sub
1908 2669 2033 2716 varia
2048 2668 2176 2720 lucis„
